{"gold_per_floor":[144,144,189,39,114,114],"floor_reached":6,"playtime":589,"items_purged":[],"score":184,"play_id":"ab6c15b7-f8f5-42d6-a1dd-496e665f25eb","local_time":"20240502161751","daily_mods":["Insanity","Flight","Midas"],"is_ascension_mode":false,"campfire_choices":[],"neow_cost":"","seed_source_timestamp":0,"circlet_count":0,"master_deck":["Stack","Redo","Force Field","Ball Lightning","Cold Snap","Redo","Fusion","Cold Snap","Stack","Ball Lightning","Tempest","Defragment","Coolheaded","Rebound","Fusion","Hologram","Redo","Blizzard","Reinforced Body","Redo","Force Field","Hologram","Rebound","Cold Snap","Compile Driver","Ball Lightning","Consume","Genetic Algorithm","Rebound","Reinforced Body","Streamline","Capacitor","White Noise","Heatsinks","Ball Lightning","Hologram","Blizzard","Streamline","Streamline","Recycle","Steam","Rebound","Defragment","Rebound","Rebound","Ball Lightning","Compile Driver","Recycle","Loop","Streamline","Skim","Doom and Gloom"],"special_seed":19844,"relics":["Cracked Core","PrismaticShard"],"potions_floor_usage":[],"damage_taken":[{"damage":0.0,"enemies":"Cultist","floor":1.0,"turns":2.0},{"damage":0.0,"enemies":"Small Slimes","floor":3.0,"turns":3.0},{"damage":0,"enemies":"Lagavulin","floor":6,"turns":1}],"seed_played":"3350035391986932849","potions_obtained":[],"is_trial":false,"path_per_floor":["M","?","M","$","?","E"],"character_chosen":"DEFECT","items_purchased":["PrismaticShard"],"campfire_rested":0,"item_purchase_floors":[4],"current_hp_per_floor":[75,75,75,75,64,64],"gold":114,"neow_bonus":"","is_prod":false,"is_daily":true,"chose_seed":false,"campfire_upgraded":0,"win_rate":1,"timestamp":1714637871,"path_taken":["M","?","M","$","?","E"],"build_version":"2022-12-18","purchased_purges":0,"victory":false,"max_hp_per_floor":[75,75,75,75,75,75],"card_choices":[{"not_picked":["Gash","Force Field"],"picked":"Streamline","floor":1.0},{"not_picked":["Ball Lightning","Storm"],"picked":"Doom and Gloom","floor":3.0}],"player_experience":104547,"relics_obtained":[],"event_choices":[{"damage_healed":0.0,"max_hp_gain":0.0,"max_hp_loss":0.0,"gold_gain":0.0,"cards_transformed":["Reprogram"],"event_name":"Living Wall","player_choice":"Change","floor":2.0,"gold_loss":0.0,"damage_taken":0.0,"cards_obtained":["Skim"]},{"damage_healed":0.0,"max_hp_gain":0.0,"max_hp_loss":0.0,"gold_gain":75.0,"event_name":"World of Goop","player_choice":"Gather Gold","floor":5.0,"gold_loss":0.0,"damage_taken":11.0}],"is_beta":false,"boss_relics":[],"items_purged_floors":[],"is_endless":false,"potions_floor_spawned":[],"killed_by":"Lagavulin","ascension_level":0}