{"gold_per_floor":[114,114,129,129,144,174,174,204,204,204,53,68,76,91,91,191,191,206,206,116,131,146,176,191,206,206,35,65,80,80,80,80,180,180,195,210,125,125,140,140,170,170,170,170,170,200,0,15,15,15],"floor_reached":51,"playtime":4490,"items_purged":["Dash"],"score":1080,"play_id":"1fbcc684-8bc1-4e6b-a324-b6f7e41b2c32","local_time":"20240505131520","daily_mods":["Draft","Time Dilation","Terminal"],"is_ascension_mode":false,"campfire_choices":[{"data":"Catalyst","floor":7,"key":"SMITH"},{"data":"Crippling Poison","floor":10,"key":"SMITH"},{"data":"Night Terror","floor":15,"key":"SMITH"},{"data":"Corpse Explosion","floor":32,"key":"SMITH"},{"data":"Night Terror","floor":40,"key":"SMITH"},{"data":"Quick Slash","floor":42,"key":"PURGE"},{"data":"Dagger Throw","floor":44,"key":"PURGE"},{"data":"Slice+1","floor":49,"key":"PURGE"}],"neow_cost":"","seed_source_timestamp":137728161522600,"circlet_count":0,"master_deck":["Poisoned Stab+1","Prepared","Concentrate","Crippling Poison+1","Slice+1","Acrobatics","Prepared","Poisoned Stab","Deadly Poison","Bouncing Flask","Prepared","Crippling Poison","Catalyst+1","Night Terror+1","Well Laid Plans","Corpse Explosion+1","Bouncing Flask","Ghostly","Ghostly","Ghostly","Ghostly","Ghostly","Prepared","Sadistic Nature","Corpse Explosion","CurseOfTheBell","Bouncing Flask+1","Expertise+1","Caltrops","Night Terror+1","Impatience","Discovery"],"special_seed":19848,"relics":["Ring of the Snake","Ancient Tea Set","Ginger","Torii","Singing Bowl","Letter Opener","Odd Mushroom","Coffee Dripper","Strawberry","Oddly Smooth Stone","Whetstone","Enchiridion","Calling Bell","Smiling Mask","Eternal Feather","WingedGreaves","Peace Pipe","Sundial","Bronze Scales","Red Mask"],"potions_floor_usage":[14,18,23,50,50],"damage_taken":[{"damage":0,"enemies":"Jaw Worm","floor":1,"turns":2},{"damage":0,"enemies":"Cultist","floor":3,"turns":2},{"damage":0,"enemies":"2 Louse","floor":5,"turns":1},{"damage":1,"enemies":"3 Sentries","floor":6,"turns":4},{"damage":8,"enemies":"Lagavulin","floor":8,"turns":3},{"damage":0,"enemies":"Exordium Thugs","floor":12,"turns":2},{"damage":1,"enemies":"The Mushroom Lair","floor":13,"turns":2},{"damage":0,"enemies":"Looter","floor":14,"turns":1},{"damage":0,"enemies":"Slime Boss","floor":16,"turns":3},{"damage":1,"enemies":"Chosen","floor":18,"turns":2},{"damage":0,"enemies":"3 Byrds","floor":21,"turns":2},{"damage":0,"enemies":"Snecko","floor":22,"turns":4},{"damage":0,"enemies":"Book of Stabbing","floor":23,"turns":3},{"damage":0,"enemies":"Snake Plant","floor":24,"turns":4},{"damage":0,"enemies":"Centurion and Healer","floor":25,"turns":5},{"damage":0,"enemies":"Slavers","floor":28,"turns":4},{"damage":0,"enemies":"Snecko","floor":29,"turns":3},{"damage":0,"enemies":"Champ","floor":33,"turns":7},{"damage":0,"enemies":"3 Darklings","floor":35,"turns":2},{"damage":0,"enemies":"3 Shapes","floor":36,"turns":3},{"damage":0,"enemies":"Sphere and 2 Shapes","floor":39,"turns":5},{"damage":0,"enemies":"Reptomancer","floor":41,"turns":5},{"damage":0,"enemies":"Giant Head","floor":46,"turns":2},{"damage":0,"enemies":"Maw","floor":48,"turns":4},{"damage":0,"enemies":"Awakened One","floor":50,"turns":8}],"seed_played":"-8367640189695057356","potions_obtained":[{"floor":5,"key":"ColorlessPotion"},{"floor":8,"key":"PowerPotion"},{"floor":14,"key":"Fruit Juice"},{"floor":18,"key":"PowerPotion"},{"floor":24,"key":"Block Potion"},{"floor":25,"key":"Dexterity Potion"},{"floor":29,"key":"LiquidBronze"},{"floor":46,"key":"Poison Potion"}],"is_trial":false,"path_per_floor":["M","?","M","?","M","E","R","E","T","R","$","M","?","M","R","B",null,"M","?","?","M","M","E","M","M","T","$","E","M","?","?","R","B",null,"M","M","$","?","M","R","E","R","T","R","?","E","?","M","R","B",null],"character_chosen":"THE_SILENT","items_purchased":["Night Terror","Sadistic Nature","Caltrops"],"campfire_rested":0,"item_purchase_floors":[11,27,37],"current_hp_per_floor":[68,67,66,65,64,63,62,56,56,56,56,58,57,59,59,59,58,62,30,29,30,31,39,40,39,38,37,38,39,38,22,22,22,34,33,32,31,30,31,30,31,30,29,28,20,22,22,24,29,28],"gold":15,"neow_bonus":"","is_prod":false,"is_daily":true,"chose_seed":false,"campfire_upgraded":5,"win_rate":0,"timestamp":1714886120,"path_taken":["M","?","?","?","M","E","R","E","T","R","?","M","?","M","R","BOSS","M","?","?","M","M","E","M","M","T","$","E","?","?","?","R","BOSS","M","M","$","?","?","R","E","R","T","R","?","E","?","M","R","BOSS"],"build_version":"2022-12-18","purchased_purges":1,"victory":true,"max_hp_per_floor":[68,67,66,65,64,63,62,63,62,61,60,61,60,61,60,59,58,62,30,29,30,31,39,40,39,38,37,38,39,38,37,36,35,34,33,32,31,30,31,30,31,30,29,28,29,30,29,30,29,28],"card_choices":[{"not_picked":["Underhanded Strike","Blur"],"picked":"Poisoned Stab","floor":0},{"not_picked":["Deadly Poison","Sucker Punch"],"picked":"Prepared","floor":0},{"not_picked":["Dodge and Roll","Flying Knee"],"picked":"Slice","floor":0},{"not_picked":["Slice","Bane"],"picked":"Dagger Throw","floor":0},{"not_picked":["Finisher","Reflex"],"picked":"Concentrate","floor":0},{"not_picked":["Bane","Deflect"],"picked":"Crippling Poison","floor":0},{"not_picked":["Cloak And Dagger","Flechettes"],"picked":"Slice","floor":0},{"not_picked":["Distraction","Underhanded Strike"],"picked":"Acrobatics","floor":0},{"not_picked":["Outmaneuver","Sucker Punch"],"picked":"Backflip","floor":0},{"not_picked":["Acrobatics","Dash"],"picked":"Quick Slash","floor":0},{"not_picked":["Outmaneuver","Terror"],"picked":"Prepared","floor":0},{"not_picked":["Endless Agony","Dagger Spray"],"picked":"Poisoned Stab","floor":0},{"not_picked":["Slice","Dagger Spray"],"picked":"Deadly Poison","floor":0},{"not_picked":["Terror","PiercingWail"],"picked":"Dash","floor":0},{"not_picked":["PiercingWail","Deflect"],"picked":"Bouncing Flask","floor":0},{"not_picked":["Poisoned Stab","Leg Sweep"],"picked":"Prepared","floor":1},{"not_picked":["Tactician","Backflip","Flying Knee"],"picked":"SKIP","floor":3},{"not_picked":["Dodge and Roll","Accuracy"],"picked":"Crippling Poison","floor":5},{"not_picked":["Quick Slash","Crippling Poison"],"picked":"Catalyst","floor":6},{"not_picked":["All Out Attack","Dagger Throw","Setup"],"picked":"Singing Bowl","floor":8},{"not_picked":["Dagger Spray","Reflex","Flying Knee"],"picked":"Singing Bowl","floor":12},{"not_picked":["Choke","Prepared"],"picked":"Well Laid Plans","floor":13},{"not_picked":["Dodge and Roll","All Out Attack","Envenom"],"picked":"Singing Bowl","floor":14},{"not_picked":["Phantasmal Killer","A Thousand Cuts"],"picked":"Corpse Explosion","floor":16},{"not_picked":["Flechettes","Underhanded Strike+1"],"picked":"Bouncing Flask","floor":18},{"not_picked":["Prepared","Deflect","Terror"],"picked":"Singing Bowl","floor":21},{"not_picked":["Bane","Underhanded Strike+1","Dagger Throw"],"picked":"Singing Bowl","floor":22},{"not_picked":["Concentrate","Dodge and Roll","Blade Dance"],"picked":"Singing Bowl","floor":23},{"not_picked":["Sucker Punch","Outmaneuver","Footwork+1"],"picked":"Singing Bowl","floor":24},{"not_picked":["Dodge and Roll","Deadly Poison"],"picked":"Prepared","floor":25},{"not_picked":["Backflip","Cloak And Dagger","Blade Dance"],"picked":"Singing Bowl","floor":28},{"not_picked":["Masterful Stab+1","Eviscerate","Riddle With Holes+1"],"picked":"Singing Bowl","floor":29},{"not_picked":["After Image","Envenom"],"picked":"Corpse Explosion","floor":33},{"not_picked":["Sucker Punch+1","Flying Knee"],"picked":"Bouncing Flask+1","floor":35},{"not_picked":["Flying Knee+1","Outmaneuver"],"picked":"Expertise+1","floor":36},{"not_picked":["Deflect+1","Dagger Spray","Dodge and Roll+1"],"picked":"Singing Bowl","floor":39},{"not_picked":["Glass Knife","Dagger Throw","Finisher"],"picked":"Singing Bowl","floor":41},{"not_picked":["Magnetism","Dark Shackles"],"picked":"Impatience","floor":45},{"not_picked":["Mind Blast","Trip"],"picked":"Discovery","floor":45},{"not_picked":["Trip","Apotheosis","Madness"],"picked":"Singing Bowl","floor":45},{"not_picked":["Acrobatics","Unload","Poisoned Stab"],"picked":"Singing Bowl","floor":46},{"not_picked":["Acrobatics+1","Blade Dance+1","Flying Knee+1"],"picked":"Singing Bowl","floor":48}],"player_experience":191372,"relics_obtained":[{"floor":6,"key":"Torii"},{"floor":8,"key":"Singing Bowl"},{"floor":9,"key":"Letter Opener"},{"floor":13,"key":"Odd Mushroom"},{"floor":23,"key":"Strawberry"},{"floor":26,"key":"Oddly Smooth Stone"},{"floor":28,"key":"Whetstone"},{"floor":31,"key":"Enchiridion"},{"floor":34,"key":"Smiling Mask"},{"floor":34,"key":"Eternal Feather"},{"floor":34,"key":"WingedGreaves"},{"floor":41,"key":"Peace Pipe"},{"floor":43,"key":"Sundial"},{"floor":46,"key":"Bronze Scales"}],"event_choices":[{"cards_removed":["Backflip"],"damage_healed":0,"gold_gain":0,"player_choice":"Gave Card","damage_taken":0,"relics_obtained":["Ancient Tea Set"],"max_hp_gain":0,"max_hp_loss":0,"event_name":"WeMeetAgain","floor":2,"gold_loss":0},{"damage_healed":0,"gold_gain":0,"player_choice":"Box","damage_taken":0,"relics_obtained":["Ginger"],"max_hp_gain":0,"max_hp_loss":0,"event_name":"Big Fish","floor":4,"gold_loss":0,"cards_obtained":["Regret"]},{"damage_healed":0,"gold_gain":0,"player_choice":"Fought Mushrooms","damage_taken":0,"max_hp_gain":0,"max_hp_loss":0,"event_name":"Mushrooms","floor":13,"gold_loss":0},{"damage_healed":0,"gold_gain":0,"player_choice":"Became a Ghost","damage_taken":0,"max_hp_gain":0,"max_hp_loss":31,"event_name":"Ghosts","floor":19,"gold_loss":0,"cards_obtained":["Ghostly","Ghostly","Ghostly","Ghostly","Ghostly"]},{"cards_removed":["Regret"],"damage_healed":0,"gold_gain":0,"player_choice":"Upgrade and Remove","damage_taken":0,"max_hp_gain":0,"max_hp_loss":0,"event_name":"Designer","floor":20,"gold_loss":90,"cards_upgraded":["Slice"]},{"damage_healed":0,"gold_gain":0,"player_choice":"Ignored","damage_taken":0,"max_hp_gain":0,"max_hp_loss":0,"event_name":"Vampires","floor":30,"gold_loss":0},{"damage_healed":0,"gold_gain":0,"player_choice":"Obtained Book","damage_taken":16,"max_hp_gain":0,"max_hp_loss":0,"event_name":"Cursed Tome","floor":31,"gold_loss":0},{"damage_healed":0,"gold_gain":0,"player_choice":"1 cards matched","damage_taken":0,"max_hp_gain":0,"max_hp_loss":0,"event_name":"Match and Keep!","floor":38,"gold_loss":0,"cards_obtained":["Night Terror"]},{"damage_healed":0,"gold_gain":0,"player_choice":"Memory 3","damage_taken":10,"max_hp_gain":0,"max_hp_loss":0,"event_name":"SensoryStone","floor":45,"gold_loss":0},{"damage_healed":0,"gold_gain":0,"player_choice":"Paid","damage_taken":0,"relics_obtained":["Red Mask"],"max_hp_gain":0,"max_hp_loss":0,"event_name":"Tomb of Lord Red Mask","floor":47,"gold_loss":200}],"is_beta":false,"boss_relics":[{"not_picked":["Busted Crown","Ectoplasm"],"picked":"Coffee Dripper"},{"not_picked":["WristBlade","Tiny House"],"picked":"Calling Bell"}],"items_purged_floors":[37],"is_endless":false,"potions_floor_spawned":[5,8,14,18,24,25,29,41,46],"ascension_level":0}