{"gold_per_floor":[114,114,39,39,104,134,149,324,324,324,339,369,369],"floor_reached":13,"playtime":692,"items_purged":["Defend_G"],"score":143,"play_id":"65e266f6-bc80-4a65-8ca3-c1d9fc47c159","local_time":"20240506215929","daily_mods":["Specialized","Colorless Cards","Night Terrors"],"is_ascension_mode":false,"campfire_choices":[],"neow_cost":"","seed_source_timestamp":35188878285200,"circlet_count":0,"master_deck":["Strike_G+1","Strike_G","Strike_G","Strike_G","Defend_G","Defend_G","Defend_G","Defend_G","Survivor","Neutralize","Transmutation","Transmutation","Transmutation","Transmutation+1","Transmutation","Accuracy","Discovery","Doubt","Blade Dance"],"special_seed":19849,"relics":["Ring of the Snake","Paper Crane","MealTicket","Pocketwatch","Potion Belt"],"potions_floor_usage":[6,12],"damage_taken":[{"damage":3,"enemies":"Jaw Worm","floor":1,"turns":5},{"damage":0,"enemies":"2 Louse","floor":5,"turns":3},{"damage":18,"enemies":"Lagavulin","floor":6,"turns":5},{"damage":0,"enemies":"Cultist","floor":7,"turns":3},{"damage":32,"enemies":"3 Louse","floor":11,"turns":3},{"damage":0,"enemies":"Gremlin Nob","floor":12,"turns":3}],"seed_played":"-8373943254701523729","potions_obtained":[{"floor":1,"key":"PowerPotion"},{"floor":5,"key":"LiquidMemories"},{"floor":7,"key":"SteroidPotion"},{"floor":11,"key":"DuplicationPotion"}],"is_trial":false,"path_per_floor":["M","?","$","?","M","E","M","?","T","T","M","E","?"],"character_chosen":"THE_SILENT","items_purchased":[],"campfire_rested":0,"item_purchase_floors":[],"current_hp_per_floor":[67,53,53,53,53,35,35,35,35,35,3,3,0],"gold":369,"neow_bonus":"","is_prod":false,"is_daily":true,"chose_seed":false,"campfire_upgraded":0,"win_rate":0,"timestamp":1715003969,"path_taken":["M","?","$","?","M","E","?","?","T","?","M","E","?"],"build_version":"2022-12-18","purchased_purges":1,"victory":false,"max_hp_per_floor":[70,70,70,70,70,70,70,70,70,70,70,70,70],"card_choices":[{"not_picked":["Swift Strike","Dodge and Roll","Sucker Punch"],"picked":"SKIP","floor":1},{"not_picked":["Madness","Flying Knee"],"picked":"Accuracy","floor":5},{"not_picked":["Outmaneuver","Deadly Poison","Sucker Punch"],"picked":"SKIP","floor":6},{"not_picked":["Finesse","Dodge and Roll"],"picked":"Discovery","floor":7},{"not_picked":["Slice","Cloak And Dagger"],"picked":"Blade Dance","floor":11},{"not_picked":["Dodge and Roll","Flying Knee","Slice"],"picked":"SKIP","floor":12}],"player_experience":207242,"relics_obtained":[{"floor":6,"key":"Paper Crane"},{"floor":9,"key":"MealTicket"},{"floor":10,"key":"Pocketwatch"},{"floor":12,"key":"Potion Belt"}],"event_choices":[{"damage_healed":0,"gold_gain":0,"player_choice":"Entered Light","damage_taken":14,"max_hp_gain":0,"max_hp_loss":0,"event_name":"Shining Light","floor":2,"gold_loss":0,"cards_upgraded":["Strike_G","Transmutation"]},{"cards_removed":["Strike_G"],"damage_healed":0,"gold_gain":0,"player_choice":"Purged","damage_taken":0,"max_hp_gain":0,"max_hp_loss":0,"event_name":"Purifier","floor":4,"gold_loss":0},{"damage_healed":0,"gold_gain":175,"player_choice":"AGREE","damage_taken":0,"max_hp_gain":0,"max_hp_loss":0,"event_name":"Liars Game","floor":8,"gold_loss":0,"cards_obtained":["Doubt"]}],"is_beta":false,"boss_relics":[],"items_purged_floors":[3],"is_endless":false,"potions_floor_spawned":[1,5,7,11],"ascension_level":0}