{"gold_per_floor":[114,114,129,144,184,214,174,189,189,204,204,219,70,245,245,345,345,400,460,460,360,360,285,285,285,285,300,300,0,0,15,15,115,115,130,1129,563,578,593,186,201,201,201,228,228,228,243,258,258,278],"floor_reached":51,"playtime":2782,"items_purged":["Defend_G","Doubt","Normality","Strike_G+1"],"score":699,"play_id":"eb33170e-e5f0-43cd-84b1-c464a033f376","local_time":"20240506224613","daily_mods":["Specialized","Colorless Cards","Night Terrors"],"is_ascension_mode":false,"campfire_choices":[{"floor":11,"key":"REST"},{"data":"Deep Breath","floor":15,"key":"SMITH"},{"data":"Crippling Poison","floor":25,"key":"SMITH"},{"data":"Crippling Poison","floor":28,"key":"SMITH"},{"data":"Noxious Fumes","floor":30,"key":"SMITH"},{"floor":32,"key":"REST"},{"data":"Catalyst","floor":42,"key":"SMITH"},{"data":"Night Terror","floor":45,"key":"SMITH"},{"data":"Apotheosis","floor":49,"key":"SMITH"}],"neow_cost":"","seed_source_timestamp":35188878285200,"circlet_count":0,"master_deck":["Strike_G+1","Strike_G+1","Strike_G+1","Defend_G+1","Defend_G+1","Defend_G+1","Defend_G+1","Survivor","Neutralize","Transmutation","Transmutation+1","Transmutation","Transmutation","Transmutation","Swift Strike","Noxious Fumes+1","Unload","Noxious Fumes","Deep Breath+1","Unload","HandOfGreed","CurseOfTheBell","Crippling Poison+1","Deadly Poison","Backflip","Crippling Poison+1","Setup","Poisoned Stab","Venomology","PiercingWail","Normality","Night Terror+1","Bouncing Flask+1","All Out Attack+1","Catalyst+1","Apotheosis+1","Acrobatics","Dramatic Entrance","Finesse","Purity"],"special_seed":19849,"relics":["Ring of the Snake","Paper Crane","MealTicket","Calling Bell","Potion Belt","Blue Candle","Pocketwatch","Ice Cream","TwistedFunnel","Centennial Puzzle","SacredBark","Membership Card","Akabeko","Incense Burner","Medical Kit","Eternal Feather","CeramicFish"],"potions_floor_usage":[18,19,27,38,38,38,39,50,50,50,50],"damage_taken":[{"damage":3,"enemies":"Jaw Worm","floor":1,"turns":5},{"damage":3,"enemies":"2 Louse","floor":3,"turns":4},{"damage":1,"enemies":"Cultist","floor":4,"turns":5},{"damage":3,"enemies":"3 Louse","floor":5,"turns":3},{"damage":16,"enemies":"Lagavulin","floor":6,"turns":6},{"damage":16,"enemies":"Blue Slaver","floor":8,"turns":4},{"damage":3,"enemies":"Large Slime","floor":10,"turns":6},{"damage":3,"enemies":"2 Fungi Beasts","floor":12,"turns":3},{"damage":53,"enemies":"The Guardian","floor":16,"turns":9},{"damage":25,"enemies":"3 Byrds","floor":18,"turns":6},{"damage":17,"enemies":"2 Thieves","floor":19,"turns":3},{"damage":23,"enemies":"Snake Plant","floor":27,"turns":6},{"damage":25,"enemies":"Shelled Parasite and Fungi","floor":31,"turns":4},{"damage":18,"enemies":"Champ","floor":33,"turns":9},{"damage":21,"enemies":"3 Shapes","floor":35,"turns":4},{"damage":42,"enemies":"3 Darklings","floor":38,"turns":8},{"damage":1,"enemies":"Sphere and 2 Shapes","floor":39,"turns":3},{"damage":57,"enemies":"Transient","floor":41,"turns":5},{"damage":4,"enemies":"Maw","floor":47,"turns":5},{"damage":10,"enemies":"3 Darklings","floor":48,"turns":3},{"damage":91,"enemies":"Awakened One","floor":50,"turns":10}],"seed_played":"-8373943254701523729","potions_obtained":[{"floor":1,"key":"PowerPotion"},{"floor":5,"key":"SneckoOil"},{"floor":6,"key":"Fire Potion"},{"floor":7,"key":"FairyPotion"},{"floor":7,"key":"CultistPotion"},{"floor":18,"key":"DuplicationPotion"},{"floor":19,"key":"GhostInAJar"},{"floor":38,"key":"Dexterity Potion"},{"floor":41,"key":"CunningPotion"},{"floor":48,"key":"CunningPotion"}],"is_trial":false,"path_per_floor":["M","?","M","M","M","E","?","M","T","M","R","M","$","?","R","B",null,"M","M","?","$","?","?","?","R","T","M","R","$","R","M","R","B",null,"M","?","$","M","M","$","M","R","T","?","R","?","M","M","R","B",null],"character_chosen":"THE_SILENT","items_purchased":["Unload","TwistedFunnel","Centennial Puzzle","Membership Card","Akabeko","Incense Burner","Night Terror","SkillPotion","SkillPotion","Medical Kit","Eternal Feather","Catalyst","Apotheosis"],"campfire_rested":2,"item_purchase_floors":[13,29,29,37,37,37,37,37,37,40,40,40,40],"current_hp_per_floor":[67,53,50,49,46,30,30,14,14,11,65,62,65,65,65,12,65,40,23,23,38,38,38,38,38,38,15,15,30,30,5,60,42,60,39,39,54,12,11,26,7,28,28,18,42,42,38,28,52,14],"gold":278,"neow_bonus":"","is_prod":false,"is_daily":true,"chose_seed":false,"campfire_upgraded":7,"win_rate":0,"timestamp":1715006773,"path_taken":["M","?","M","M","M","E","?","?","T","M","R","M","$","?","R","BOSS","M","M","?","$","?","?","?","R","T","?","R","$","R","M","R","BOSS","M","?","$","M","M","$","M","R","T","?","R","?","M","M","R","BOSS"],"build_version":"2022-12-18","purchased_purges":4,"victory":true,"max_hp_per_floor":[70,70,70,70,70,70,70,70,70,70,65,65,65,65,65,65,65,65,65,65,65,65,65,65,65,65,65,65,65,65,65,60,60,60,60,60,60,60,60,60,60,60,60,60,60,60,60,60,60,60],"card_choices":[{"not_picked":["Dodge and Roll","Sucker Punch"],"picked":"Swift Strike","floor":1},{"not_picked":["Eviscerate","Sucker Punch","Slice"],"picked":"SKIP","floor":3},{"not_picked":["Flying Knee","Tactician"],"picked":"Noxious Fumes","floor":4},{"not_picked":["Skewer","Mind Blast"],"picked":"Unload","floor":5},{"not_picked":["All Out Attack","Finesse"],"picked":"Noxious Fumes","floor":6},{"not_picked":["Flying Knee","Acrobatics","Slice"],"picked":"SKIP","floor":8},{"not_picked":["Dodge and Roll","Outmaneuver"],"picked":"Deep Breath","floor":10},{"not_picked":["PiercingWail","Bane","All Out Attack"],"picked":"SKIP","floor":12},{"not_picked":["Sadistic Nature","Thinking Ahead"],"picked":"HandOfGreed","floor":16},{"not_picked":["Deadly Poison+1","Dramatic Entrance"],"picked":"Crippling Poison","floor":18},{"not_picked":["Good Instincts+1","Escape Plan+1"],"picked":"Deadly Poison","floor":19},{"not_picked":["Flying Knee","Bane"],"picked":"Setup","floor":27},{"not_picked":["Deflect","Mind Blast"],"picked":"Poisoned Stab","floor":31},{"not_picked":["Burst","Chrysalis"],"picked":"Venomology","floor":33},{"not_picked":["Blade Dance","Outmaneuver+1"],"picked":"PiercingWail","floor":35},{"not_picked":["Dagger Spray+1","Accuracy+1"],"picked":"Bouncing Flask+1","floor":38},{"not_picked":["Enlightenment+1","Outmaneuver"],"picked":"All Out Attack+1","floor":39},{"not_picked":["Setup","Deflect"],"picked":"Acrobatics","floor":41},{"not_picked":["The Bomb","Apotheosis"],"picked":"Dramatic Entrance","floor":44},{"not_picked":["Chrysalis","Discovery"],"picked":"Finesse","floor":44},{"not_picked":["Bandage Up","Panacea"],"picked":"Purity","floor":44},{"not_picked":["Flying Knee","Sucker Punch","Leg Sweep"],"picked":"SKIP","floor":47},{"not_picked":["Flechettes","Slice","Cloak And Dagger+1"],"picked":"SKIP","floor":48}],"player_experience":207934,"relics_obtained":[{"floor":6,"key":"Paper Crane"},{"floor":9,"key":"MealTicket"},{"floor":17,"key":"Potion Belt"},{"floor":17,"key":"Blue Candle"},{"floor":17,"key":"Pocketwatch"},{"floor":26,"key":"Ice Cream"},{"floor":43,"key":"CeramicFish"}],"event_choices":[{"damage_healed":0,"gold_gain":0,"player_choice":"Entered Light","damage_taken":14,"max_hp_gain":0,"max_hp_loss":0,"event_name":"Shining Light","floor":2,"gold_loss":0,"cards_upgraded":["Transmutation","Strike_G"]},{"damage_healed":0,"gold_gain":0,"player_choice":"Bought 3 Potions","damage_taken":0,"max_hp_gain":0,"max_hp_loss":0,"event_name":"The Woman in Blue","floor":7,"gold_loss":0},{"damage_healed":0,"gold_gain":175,"player_choice":"AGREE","damage_taken":0,"max_hp_gain":0,"max_hp_loss":0,"event_name":"Liars Game","floor":14,"gold_loss":0,"cards_obtained":["Doubt"]},{"damage_healed":0,"gold_gain":0,"player_choice":"Simplicity","damage_taken":0,"max_hp_gain":0,"max_hp_loss":0,"event_name":"Back to Basics","floor":20,"gold_loss":0,"cards_upgraded":["Strike_G","Strike_G","Strike_G","Strike_G","Defend_G","Defend_G","Defend_G","Defend_G"]},{"damage_healed":0,"gold_gain":0,"player_choice":"Read","damage_taken":0,"max_hp_gain":0,"max_hp_loss":0,"event_name":"The Library","floor":22,"gold_loss":0,"cards_obtained":["Backflip"]},{"cards_removed":["Strike_G"],"damage_healed":0,"gold_gain":0,"player_choice":"Gave Gold","damage_taken":0,"max_hp_gain":0,"max_hp_loss":0,"event_name":"Beggar","floor":23,"gold_loss":75},{"damage_healed":0,"gold_gain":0,"player_choice":"Copied","damage_taken":0,"max_hp_gain":0,"max_hp_loss":0,"event_name":"Duplicator","floor":24,"gold_loss":0,"cards_obtained":["Crippling Poison"]},{"damage_healed":0,"gold_gain":999,"player_choice":"Gold","damage_taken":0,"max_hp_gain":0,"max_hp_loss":0,"event_name":"MindBloom","floor":36,"gold_loss":0,"cards_obtained":["Normality","Normality"]},{"damage_healed":0,"gold_gain":0,"player_choice":"Memory 3","damage_taken":10,"max_hp_gain":0,"max_hp_loss":0,"event_name":"SensoryStone","floor":44,"gold_loss":0},{"damage_healed":0,"gold_gain":0,"player_choice":"Ignored","damage_taken":0,"max_hp_gain":0,"max_hp_loss":0,"event_name":"SecretPortal","floor":46,"gold_loss":0}],"is_beta":false,"boss_relics":[{"not_picked":["Busted Crown","Empty Cage"],"picked":"Calling Bell"},{"not_picked":["Fusion Hammer","Sozu"],"picked":"SacredBark"}],"items_purged_floors":[13,21,37,40],"is_endless":false,"potions_floor_spawned":[1,5,6,10,18,19,38,41,48],"ascension_level":0}