{"gold_per_floor":[114,189,204,204,174,174,189,219,244,244,259,289,304,101,101,201,201,216,231,231,267,282,312,312,327,377,407,407,422,422,521,521,621,621,636,636,636,651,651,666,696,711,736,752,752,527,227,242,242,242],"floor_reached":51,"playtime":2306,"items_purged":[],"score":1052,"play_id":"bd7421a5-6750-40eb-8ba5-629bb078b0cc","local_time":"20240509202227","daily_mods":["Insanity","Hoarder","Lethality"],"is_ascension_mode":false,"campfire_choices":[{"data":"Adaptation","floor":6.0,"key":"SMITH"},{"data":"Judgement","floor":10.0,"key":"SMITH"},{"data":"Judgement","floor":15.0,"key":"SMITH"},{"data":"Vault","floor":24.0,"key":"SMITH"},{"data":"FlyingSleeves","floor":32.0,"key":"SMITH"},{"data":"Vault","floor":49,"key":"SMITH"}],"neow_cost":"","seed_source_timestamp":0,"circlet_count":0,"master_deck":["EmptyFist","Prostrate","Tantrum","Sanctity","ThirdEye","Adaptation+1","WindmillStrike","Protect","JustLucky+1","Crescendo","Protect","BowlingBash","Perseverance","Halt","Prostrate+1","FlyingSleeves","Halt","WreathOfFlame","SignatureMove","ThirdEye","Consecrate","SandsOfTime","Conclude","SashWhip","WaveOfTheHand","JustLucky","Meditate","Evaluate","FlurryOfBlows","SignatureMove","CutThroughFate","SashWhip","FearNoEvil","WindmillStrike","FlyingSleeves","EmptyFist","EmptyMind","FlyingSleeves+1","WreathOfFlame","CutThroughFate","CutThroughFate","ClearTheMind","EmptyFist","Adaptation","Prostrate","WheelKick","Prostrate","Nirvana","Judgement","Judgement+1","Judgement+1","Adaptation","Adaptation","Adaptation","FlurryOfBlows","FlurryOfBlows","FlurryOfBlows","Scrawl","Scrawl","Scrawl","Indignation","Indignation","Indignation","Vault+1","Vault","Vault+1","SpiritShield","SpiritShield","SpiritShield","Ghostly","Ghostly","Ghostly","Ghostly","Ghostly","Ghostly","Ghostly","Ghostly","Ghostly","Ghostly","Ghostly","Ghostly","Ghostly","Ghostly","Ghostly","Blasphemy","Blasphemy","Blasphemy","BattleHymn+1","BattleHymn+1","BattleHymn+1","Madness","Madness","Madness","Madness","Madness","Madness","Purity","Purity","Purity"],"special_seed":19851,"relics":["PureWater","Bag of Preparation","PreservedInsect","Happy Flower","Ancient Tea Set","Coffee Dripper","MutagenicStrength","Red Mask","Dream Catcher","Bronze Scales","Bag of Marbles","Strawberry","Runic Pyramid","Regal Pillow","Akabeko","Ice Cream","MealTicket","Nunchaku","Strange Spoon"],"potions_floor_usage":[45,50,50,50],"damage_taken":[{"damage":7.0,"enemies":"Jaw Worm","floor":1.0,"turns":2.0},{"damage":0.0,"enemies":"Small Slimes","floor":3.0,"turns":1.0},{"damage":0.0,"enemies":"2 Louse","floor":7.0,"turns":1.0},{"damage":7.0,"enemies":"Gremlin Nob","floor":8.0,"turns":4.0},{"damage":0.0,"enemies":"Exordium Thugs","floor":11.0,"turns":1.0},{"damage":0.0,"enemies":"Lagavulin","floor":12.0,"turns":3.0},{"damage":6.0,"enemies":"Exordium Wildlife","floor":13.0,"turns":2.0},{"damage":34.0,"enemies":"Hexaghost","floor":16.0,"turns":8.0},{"damage":11.0,"enemies":"Shell Parasite","floor":18.0,"turns":2.0},{"damage":10.0,"enemies":"2 Thieves","floor":19.0,"turns":3.0},{"damage":13.0,"enemies":"Masked Bandits","floor":21.0,"turns":3.0},{"damage":21.0,"enemies":"Snake Plant","floor":22.0,"turns":2.0},{"damage":4.0,"enemies":"Book of Stabbing","floor":23.0,"turns":2.0},{"damage":0.0,"enemies":"Centurion and Healer","floor":25.0,"turns":2.0},{"damage":0.0,"enemies":"Gremlin Leader","floor":27.0,"turns":3.0},{"damage":0.0,"enemies":"Snecko","floor":29.0,"turns":4.0},{"damage":17.0,"enemies":"Automaton","floor":33.0,"turns":9.0},{"damage":4.0,"enemies":"3 Darklings","floor":35.0,"turns":3.0},{"damage":3.0,"enemies":"3 Shapes","floor":38.0,"turns":2.0},{"damage":2.0,"enemies":"Sphere and 2 Shapes","floor":40.0,"turns":3.0},{"damage":0.0,"enemies":"Nemesis","floor":41.0,"turns":3.0},{"damage":2.0,"enemies":"Jaw Worm Horde","floor":42.0,"turns":2.0},{"damage":18,"enemies":"2 Orb Walkers","floor":44,"turns":4},{"damage":1,"enemies":"Writhing Mass","floor":45,"turns":3},{"damage":17,"enemies":"4 Shapes","floor":48,"turns":5},{"damage":0,"enemies":"Time Eater","floor":50,"turns":5}],"seed_played":"-3587281271485160889","potions_obtained":[{"floor":1.0,"key":"AttackPotion"},{"floor":5.0,"key":"FairyPotion"},{"floor":5.0,"key":"SmokeBomb"},{"floor":12.0,"key":"Strength Potion"},{"floor":16.0,"key":"Dexterity Potion"},{"floor":23.0,"key":"DuplicationPotion"},{"floor":27.0,"key":"Dexterity Potion"},{"floor":40.0,"key":"Ancient Potion"}],"is_trial":false,"path_per_floor":["M","?","M","?","?","R","M","E","T","R","M","E","M","$","R","B",null,"M","M","?","?","M","E","R","M","T","E","?","M","?","?","R","B",null,"M","?","?","M","?","M","E","M","T","?","M","$","$","M","R","B",null],"character_chosen":"WATCHER","items_purchased":["Ancient Tea Set","FlurryOfBlows","EssenceOfSteel","MealTicket","Nunchaku","Strange Spoon"],"campfire_rested":0,"item_purchase_floors":[14,14,46,46,47,47],"current_hp_per_floor":[65,54,54,40,40,40,40,33,33,33,33,33,27,27,27,21,72,61,51,51,38,17,13,13,13,13,20,20,20,20,20,20,3,39,35,35,30,27,27,25,25,23,23,5,4,4,19,2,2,2],"gold":242,"neow_bonus":"","is_prod":false,"is_daily":true,"chose_seed":false,"campfire_upgraded":6,"win_rate":0,"timestamp":1715257347,"path_taken":["M","?","M","?","?","R","M","E","T","R","?","E","M","$","R","BOSS","M","M","?","?","M","E","R","M","T","E","?","?","?","?","R","BOSS","M","?","?","M","?","M","E","M","T","?","M","?","$","M","R","BOSS"],"build_version":"2022-12-18","purchased_purges":0,"victory":true,"max_hp_per_floor":[72,72,72,72,72,72,72,72,72,72,72,72,72,72,72,72,72,72,72,72,72,72,72,72,72,72,79,79,79,39,39,39,39,39,39,39,39,39,39,39,39,39,39,39,39,39,39,39,39,39],"card_choices":[{"not_picked":["EmptyBody","ClearTheMind","Evaluate"],"picked":"SKIP","floor":1.0},{"not_picked":["Protect","CutThroughFate","EmptyFist"],"picked":"SKIP","floor":3.0},{"not_picked":["EmptyBody","BowlingBash","WreathOfFlame"],"picked":"SKIP","floor":7.0},{"not_picked":["SashWhip","Wireheading"],"picked":"Judgement","floor":8.0},{"not_picked":["JustLucky","PathToVictory","FlurryOfBlows"],"picked":"SKIP","floor":11.0},{"not_picked":["PathToVictory","EmptyFist"],"picked":"Adaptation","floor":12.0},{"not_picked":["PathToVictory","EmptyBody","Consecrate"],"picked":"SKIP","floor":13.0},{"not_picked":["Devotion","DeusExMachina"],"picked":"Scrawl","floor":16.0},{"not_picked":["Protect","Crescendo","InnerPeace"],"picked":"SKIP","floor":18.0},{"not_picked":["CutThroughFate","ThirdEye"],"picked":"Indignation","floor":19.0},{"not_picked":["FollowUp","Crescendo","Evaluate+1"],"picked":"SKIP","floor":22.0},{"not_picked":["ClearTheMind","WaveOfTheHand"],"picked":"Vault","floor":23.0},{"not_picked":["JustLucky","ClearTheMind","Vengeance"],"picked":"SKIP","floor":25.0},{"not_picked":["FlurryOfBlows+1","FollowUp+1"],"picked":"SpiritShield","floor":27.0},{"not_picked":["Nirvana","Halt","WaveOfTheHand"],"picked":"SKIP","floor":29.0},{"not_picked":["Wish","Judgement"],"picked":"Blasphemy","floor":33.0},{"not_picked":["EmptyBody","CutThroughFate"],"picked":"BattleHymn+1","floor":35.0},{"not_picked":["PathToVictory+1","SandsOfTime","Protect+1"],"picked":"SKIP","floor":38.0},{"not_picked":["Dramatic Entrance","Dark Shackles"],"picked":"Purity","floor":39.0},{"not_picked":["FlyingSleeves","CrushJoints+1","Establishment"],"picked":"SKIP","floor":40.0},{"not_picked":["MentalFortress","SashWhip","CrushJoints"],"picked":"SKIP","floor":41.0},{"not_picked":["CutThroughFate+1","SashWhip","FollowUp+1"],"picked":"SKIP","floor":42.0},{"not_picked":["BowlingBash+1","Crescendo+1","Study+1"],"picked":"SKIP","floor":48}],"player_experience":226842,"relics_obtained":[{"floor":8.0,"key":"Bag of Preparation"},{"floor":9.0,"key":"PreservedInsect"},{"floor":12.0,"key":"Happy Flower"},{"floor":21.0,"key":"Red Mask"},{"floor":21.0,"key":"Dream Catcher"},{"floor":23.0,"key":"Bronze Scales"},{"floor":26.0,"key":"Bag of Marbles"},{"floor":27.0,"key":"Strawberry"},{"floor":41.0,"key":"Regal Pillow"},{"floor":43.0,"key":"Akabeko"},{"floor":44,"key":"Ice Cream"}],"event_choices":[{"damage_healed":0.0,"max_hp_gain":0.0,"max_hp_loss":0.0,"gold_gain":75.0,"event_name":"World of Goop","player_choice":"Gather Gold","floor":2.0,"gold_loss":0.0,"damage_taken":11.0},{"damage_healed":0.0,"max_hp_gain":0.0,"max_hp_loss":0.0,"gold_gain":0.0,"event_name":"Shining Light","player_choice":"Entered Light","floor":4.0,"gold_loss":0.0,"damage_taken":14.0,"cards_upgraded":["Prostrate","JustLucky"]},{"damage_healed":0.0,"max_hp_gain":0.0,"max_hp_loss":0.0,"gold_gain":0.0,"event_name":"The Woman in Blue","player_choice":"Bought 2 Potions","floor":5.0,"gold_loss":0.0,"damage_taken":0.0},{"damage_healed":0.0,"max_hp_gain":0.0,"max_hp_loss":0.0,"gold_gain":0.0,"event_name":"Drug Dealer","player_choice":"Inject Mutagens","floor":20.0,"gold_loss":0.0,"damage_taken":0.0,"relics_obtained":["MutagenicStrength"]},{"damage_healed":0.0,"max_hp_gain":0.0,"max_hp_loss":0.0,"gold_gain":0.0,"event_name":"Masked Bandits","player_choice":"Fought Bandits","floor":21.0,"gold_loss":0.0,"damage_taken":0.0},{"cards_removed":["Pray"],"damage_healed":0.0,"max_hp_gain":0.0,"max_hp_loss":0.0,"gold_gain":0.0,"event_name":"Back to Basics","player_choice":"Elegance","floor":28.0,"gold_loss":0.0,"damage_taken":0.0},{"damage_healed":0.0,"max_hp_gain":0.0,"max_hp_loss":40.0,"gold_gain":0.0,"event_name":"Ghosts","player_choice":"Became a Ghost","floor":30.0,"gold_loss":0.0,"damage_taken":0.0,"cards_obtained":["Ghostly","Ghostly","Ghostly","Ghostly","Ghostly"]},{"damage_healed":0.0,"max_hp_gain":0.0,"max_hp_loss":0.0,"gold_gain":99.0,"event_name":"Nest","player_choice":"Stole From Cult","floor":31.0,"gold_loss":0.0,"damage_taken":0.0},{"cards_removed":["Halt"],"damage_healed":0.0,"max_hp_gain":0.0,"max_hp_loss":0.0,"gold_gain":0.0,"event_name":"Falling","player_choice":"Removed Skill","floor":36.0,"gold_loss":0.0,"damage_taken":0.0},{"damage_healed":0.0,"max_hp_gain":0.0,"max_hp_loss":0.0,"gold_gain":0.0,"event_name":"Winding Halls","player_choice":"Embrace Madness","floor":37.0,"gold_loss":0.0,"damage_taken":5.0,"cards_obtained":["Madness","Madness"]},{"damage_healed":0.0,"max_hp_gain":0.0,"max_hp_loss":0.0,"gold_gain":0.0,"event_name":"SensoryStone","player_choice":"Memory 1","floor":39.0,"gold_loss":0.0,"damage_taken":0.0},{"damage_healed":0,"gold_gain":0,"player_choice":"Fight","damage_taken":0,"max_hp_gain":0,"max_hp_loss":0,"event_name":"Mysterious Sphere","floor":44,"gold_loss":0}],"is_beta":false,"boss_relics":[{"not_picked":["Cursed Key","Sozu"],"picked":"Coffee Dripper"},{"not_picked":["Astrolabe","Black Star"],"picked":"Runic Pyramid"}],"items_purged_floors":[],"is_endless":false,"potions_floor_spawned":[1,7,12,16,18,21,23,27,40,41,45],"ascension_level":0}