{"gold_per_floor":[113,133,149,159,172,172,172,172,172,172,186,203,203,203,203,303,303,319,16,16,16,16,45,45,72,96,123,112,112,37,37,37,139,139,156,156,156],"floor_reached":37,"playtime":6773,"items_purged":["Strike_R"],"score":461,"play_id":"4a345f29-f870-419b-81d5-f9c2b3364fab","local_time":"20240503225403","is_ascension_mode":true,"campfire_choices":[{"data":"Uppercut","floor":6,"key":"SMITH"},{"floor":10,"key":"DIG"},{"floor":13,"key":"DIG"},{"data":"Fiend Fire","floor":15,"key":"SMITH"},{"floor":24,"key":"REST"},{"data":"Brutality","floor":29,"key":"SMITH"},{"floor":32,"key":"REST"}],"neow_cost":"PERCENT_DAMAGE","seed_source_timestamp":2737532884800,"circlet_count":0,"master_deck":["Defend_R","Defend_R","Defend_R","Bash","Uppercut+1","Shrug It Off+1","Fiend Fire+1","Reaper","Ghostly Armor+1","Whirlwind","Armaments+1","Brutality+1","Barricade","Spot Weakness+1","Bite","Bite","Bite","Bite","Bite","Offering+1","Seeing Red+1"],"relics":["Black Blood","Shovel","Question Card","Toxic Egg 2","Bronze Scales","Membership Card","Lantern","Regal Pillow","StoneCalendar","Orichalcum","Bottled Lightning","SlaversCollar"],"potions_floor_usage":[4,5,11,27,33],"damage_taken":[{"damage":1,"enemies":"Cultist","floor":1,"turns":4},{"damage":0,"enemies":"Small Slimes","floor":2,"turns":4},{"damage":5,"enemies":"Jaw Worm","floor":3,"turns":4},{"damage":4,"enemies":"Red Slaver","floor":4,"turns":4},{"damage":2,"enemies":"3 Louse","floor":5,"turns":4},{"damage":20,"enemies":"Exordium Wildlife","floor":11,"turns":6},{"damage":13,"enemies":"Gremlin Gang","floor":12,"turns":9},{"damage":15,"enemies":"The Guardian","floor":16,"turns":10},{"damage":32,"enemies":"Chosen","floor":18,"turns":5},{"damage":48,"enemies":"Book of Stabbing","floor":23,"turns":7},{"damage":54,"enemies":"Slavers","floor":25,"turns":4},{"damage":51,"enemies":"Gremlin Leader","floor":27,"turns":7},{"damage":18,"enemies":"2 Thieves","floor":28,"turns":5},{"damage":53,"enemies":"Automaton","floor":33,"turns":8},{"damage":22,"enemies":"Orb Walker","floor":35,"turns":4},{"damage":84,"enemies":"2 Orb Walkers","floor":37,"turns":4}],"seed_played":"4121419444038236290","potions_obtained":[{"floor":1,"key":"SpeedPotion"},{"floor":2,"key":"Block Potion"},{"floor":3,"key":"Explosive Potion"},{"floor":12,"key":"BloodPotion"},{"floor":28,"key":"PowerPotion"}],"is_trial":false,"path_per_floor":["M","M","M","M","M","R","?","?","T","R","M","M","R","?","R","B",null,"M","$","?","?","$","E","R","E","T","E","M","R","?","?","R","B",null,"M","?","?"],"character_chosen":"IRONCLAD","items_purchased":["Membership Card","Lantern","Whirlwind"],"campfire_rested":2,"item_purchase_floors":[19,19,19],"current_hp_per_floor":[77,83,84,86,90,90,90,90,90,90,76,69,69,69,69,60,96,81,81,62,62,62,26,71,38,38,19,21,21,21,21,57,29,70,67,67,0],"gold":156,"neow_bonus":"TWENTY_PERCENT_HP_BONUS","is_prod":false,"is_daily":false,"chose_seed":false,"campfire_upgraded":3,"win_rate":0,"timestamp":1714748043,"path_taken":["M","M","?","M","M","R","?","?","T","R","?","M","R","?","R","BOSS","M","$","?","?","?","E","R","E","T","E","?","R","?","?","R","BOSS","M","?","?"],"build_version":"2022-12-18","purchased_purges":1,"victory":false,"max_hp_per_floor":[96,96,96,96,96,96,96,96,96,96,96,96,96,96,96,96,96,96,96,101,101,101,101,101,101,101,101,101,101,101,70,70,70,70,70,70,70],"card_choices":[{"not_picked":["Burning Pact","Searing Blow"],"picked":"Uppercut","floor":1},{"not_picked":["Warcry","Iron Wave","Fire Breathing"],"picked":"SKIP","floor":2},{"not_picked":["Battle Trance","Sword Boomerang","Pommel Strike"],"picked":"SKIP","floor":3},{"not_picked":["Clash","Warcry","Iron Wave"],"picked":"SKIP","floor":4},{"not_picked":["Cleave","Blood for Blood","Twin Strike"],"picked":"SKIP","floor":5},{"not_picked":["Cleave","Blood for Blood","Twin Strike"],"picked":"SKIP","floor":5},{"not_picked":["Anger","Feel No Pain","Pommel Strike"],"picked":"Shrug It Off+1","floor":11},{"not_picked":["Entrench+1","Cleave","Thunderclap"],"picked":"Fiend Fire","floor":12},{"not_picked":["Juggernaut","Offering+1","Demon Form"],"picked":"Reaper","floor":16},{"not_picked":["Second Wind+1","Anger","Heavy Blade"],"picked":"Ghostly Armor+1","floor":18},{"not_picked":["Intimidate+1","Flame Barrier+1","Clash"],"picked":"Armaments+1","floor":23},{"not_picked":["Clothesline+1","True Grit+1","Armaments+1"],"picked":"Brutality","floor":25},{"not_picked":["Ghostly Armor+1","Battle Trance+1","Anger"],"picked":"Barricade","floor":27},{"not_picked":["Clothesline+1","Twin Strike","Whirlwind+1"],"picked":"Spot Weakness+1","floor":28},{"not_picked":["Reaper","Brutality","Bludgeon"],"picked":"Offering+1","floor":33},{"not_picked":["Iron Wave","Pommel Strike+1","Warcry+1"],"picked":"Seeing Red+1","floor":35}],"player_experience":151615,"relics_obtained":[{"floor":9,"key":"Question Card"},{"floor":10,"key":"Toxic Egg 2"},{"floor":13,"key":"Bronze Scales"},{"floor":23,"key":"Regal Pillow"},{"floor":25,"key":"StoneCalendar"},{"floor":26,"key":"Orichalcum"},{"floor":27,"key":"Bottled Lightning"}],"event_choices":[{"damage_healed":0,"gold_gain":0,"player_choice":"Box","damage_taken":0,"relics_obtained":["Shovel"],"max_hp_gain":0,"max_hp_loss":0,"event_name":"Big Fish","floor":7,"gold_loss":0,"cards_obtained":["Regret"]},{"cards_removed":["Regret"],"damage_healed":0,"gold_gain":0,"player_choice":"Card Removal","damage_taken":0,"max_hp_gain":0,"max_hp_loss":0,"event_name":"Wheel of Change","floor":8,"gold_loss":0},{"cards_removed":["Strike_R"],"damage_healed":0,"gold_gain":0,"player_choice":"Purged","damage_taken":0,"max_hp_gain":0,"max_hp_loss":0,"event_name":"Purifier","floor":14,"gold_loss":0},{"damage_healed":0,"gold_gain":0,"player_choice":"Shed Blood","damage_taken":24,"max_hp_gain":5,"max_hp_loss":0,"event_name":"Forgotten Altar","floor":20,"gold_loss":0},{"damage_healed":0,"gold_gain":0,"player_choice":"Ignored","damage_taken":0,"max_hp_gain":0,"max_hp_loss":0,"event_name":"Ghosts","floor":21,"gold_loss":0},{"cards_removed":["Defend_R"],"damage_healed":0,"gold_gain":0,"player_choice":"Gave Gold","damage_taken":0,"max_hp_gain":0,"max_hp_loss":0,"event_name":"Beggar","floor":30,"gold_loss":75},{"damage_healed":0,"gold_gain":0,"player_choice":"Became a vampire","damage_taken":0,"max_hp_gain":0,"max_hp_loss":31,"event_name":"Vampires","floor":31,"gold_loss":0,"cards_obtained":["Bite","Bite","Bite","Bite","Bite"]},{"damage_healed":0,"gold_gain":0,"player_choice":"Ignored","damage_taken":0,"max_hp_gain":0,"max_hp_loss":0,"event_name":"Tomb of Lord Red Mask","floor":36,"gold_loss":0},{"damage_healed":0,"gold_gain":0,"player_choice":"Fight","damage_taken":0,"max_hp_gain":0,"max_hp_loss":0,"event_name":"Mysterious Sphere","floor":37,"gold_loss":0}],"is_beta":false,"boss_relics":[{"not_picked":["Velvet Choker","Astrolabe"],"picked":"Black Blood"},{"not_picked":["Snecko Eye","Cursed Key"],"picked":"SlaversCollar"}],"items_purged_floors":[19],"is_endless":false,"potions_floor_spawned":[1,2,3,12,28],"killed_by":"2 Orb Walkers","ascension_level":1}