{"gold_per_floor":[217,234,250,250,250,250,268,295,295,245,245,245,245,265,265,360,360,372,73,73,92,108,108],"floor_reached":23,"playtime":2626,"items_purged":["Strike_R"],"score":201,"play_id":"a26ff6d6-ab7e-468c-a7be-2c0da8c48f39","local_time":"20240503203116","is_ascension_mode":true,"campfire_choices":[{"data":"Combust","floor":6,"key":"SMITH"},{"data":"Whirlwind","floor":11,"key":"SMITH"},{"floor":15,"key":"REST"}],"neow_cost":"NONE","seed_source_timestamp":0,"circlet_count":0,"master_deck":["Strike_R","Strike_R","Defend_R","Defend_R","Defend_R","Bash","Combust+1","Ghostly Armor","Whirlwind+1","Combust","Reaper","Inflame","Limit Break+1","Warcry+1"],"special_seed":0,"relics":["Burning Blood","Sundial","Shuriken","Toxic Egg 2","Black Star","Enchiridion"],"potions_floor_usage":[16,18,23],"damage_taken":[{"damage":11,"enemies":"Jaw Worm","floor":1,"turns":5},{"damage":1,"enemies":"Cultist","floor":2,"turns":3},{"damage":7,"enemies":"Small Slimes","floor":3,"turns":5},{"damage":3,"enemies":"Looter","floor":7,"turns":3},{"damage":44,"enemies":"Lagavulin","floor":8,"turns":8},{"damage":6,"enemies":"2 Fungi Beasts","floor":14,"turns":3},{"damage":46,"enemies":"The Guardian","floor":16,"turns":10},{"damage":20,"enemies":"Spheric Guardian","floor":18,"turns":4},{"damage":27,"enemies":"2 Thieves","floor":21,"turns":3},{"damage":17,"enemies":"Snecko","floor":22,"turns":5},{"damage":62,"enemies":"Book of Stabbing","floor":23,"turns":6}],"seed_played":"794020653940333834","potions_obtained":[{"floor":14,"key":"SkillPotion"},{"floor":16,"key":"BlessingOfTheForge"},{"floor":22,"key":"BloodPotion"}],"is_trial":false,"path_per_floor":["M","M","M","?","?","R","M","E","T","?","R","?","?","M","R","B",null,"M","$","?","M","M","E"],"character_chosen":"IRONCLAD","items_purchased":["Inflame","Limit Break+1"],"campfire_rested":1,"item_purchase_floors":[19,19],"current_hp_per_floor":[75,80,79,79,79,79,80,42,42,42,42,35,28,28,52,12,80,71,71,55,46,41,0],"gold":108,"neow_bonus":"HUNDRED_GOLD","is_prod":false,"is_daily":false,"chose_seed":false,"campfire_upgraded":2,"win_rate":0,"timestamp":1714739476,"path_taken":["M","M","M","?","?","R","?","E","T","?","R","?","?","M","R","BOSS","M","$","?","M","M","E"],"build_version":"2022-12-18","purchased_purges":1,"victory":false,"max_hp_per_floor":[80,80,80,80,80,80,80,80,80,80,80,80,80,80,80,80,80,80,80,80,80,80,80],"card_choices":[{"not_picked":["Pommel Strike","Clash","Heavy Blade"],"picked":"SKIP","floor":1},{"not_picked":["Iron Wave","Headbutt","Infernal Blade"],"picked":"SKIP","floor":2},{"not_picked":["Body Slam","Seeing Red"],"picked":"Combust","floor":3},{"not_picked":["Second Wind","Infernal Blade"],"picked":"Whirlwind","floor":7},{"not_picked":["Twin Strike","Heavy Blade"],"picked":"Combust","floor":8},{"not_picked":["Hemokinesis","Whirlwind","Warcry+1"],"picked":"SKIP","floor":14},{"not_picked":["Brutality","Berserk"],"picked":"Reaper","floor":16},{"not_picked":["Body Slam","Clash","Headbutt"],"picked":"SKIP","floor":18},{"not_picked":["Rupture","Cleave"],"picked":"Warcry+1","floor":21},{"not_picked":["Rage+1","Anger","Heavy Blade"],"picked":"SKIP","floor":22}],"player_experience":148989,"relics_obtained":[{"floor":8,"key":"Sundial"},{"floor":9,"key":"Shuriken"},{"floor":20,"key":"Enchiridion"}],"event_choices":[{"damage_healed":0,"gold_gain":0,"player_choice":"Ignored","damage_taken":0,"max_hp_gain":0,"max_hp_loss":0,"event_name":"Liars Game","floor":4,"gold_loss":0},{"damage_healed":0,"gold_gain":0,"cards_transformed":["Strike_R"],"player_choice":"Transformed","damage_taken":0,"max_hp_gain":0,"max_hp_loss":0,"event_name":"Transmorgrifier","floor":5,"gold_loss":0,"cards_obtained":["Ghostly Armor"]},{"cards_removed":["Defend_R"],"damage_healed":0,"gold_gain":0,"player_choice":"Card Removal","damage_taken":0,"max_hp_gain":0,"max_hp_loss":0,"event_name":"The Cleric","floor":10,"gold_loss":50},{"cards_removed":["Strike_R"],"damage_healed":0,"gold_gain":0,"player_choice":"Card Removal","damage_taken":7,"max_hp_gain":0,"max_hp_loss":0,"event_name":"Golden Wing","floor":12,"gold_loss":0},{"damage_healed":0,"gold_gain":0,"player_choice":"Success","damage_taken":7,"relics_obtained":["Toxic Egg 2"],"max_hp_gain":0,"max_hp_loss":0,"event_name":"Scrap Ooze","floor":13,"gold_loss":0},{"damage_healed":0,"gold_gain":0,"player_choice":"Obtained Book","damage_taken":16,"max_hp_gain":0,"max_hp_loss":0,"event_name":"Cursed Tome","floor":20,"gold_loss":0}],"is_beta":false,"boss_relics":[{"not_picked":["Busted Crown","Empty Cage"],"picked":"Black Star"}],"items_purged_floors":[19],"is_endless":false,"potions_floor_spawned":[14,16,22],"killed_by":"Book of Stabbing","ascension_level":1}