{"gold_per_floor":[110,35,0,100,117,117,191,203,257,257,257,257,277,292,292,421,421,442,461,461],"floor_reached":20,"playtime":3761,"items_purged":["Strike_R"],"score":172,"play_id":"216890dd-3fa3-4ba4-a782-fded9f3c73fb","local_time":"20240506195143","is_ascension_mode":true,"campfire_choices":[{"data":"Thunderclap","floor":6,"key":"SMITH"},{"floor":11,"key":"RECALL"},{"data":"Entrench","floor":15,"key":"SMITH"}],"neow_cost":"PERCENT_DAMAGE","seed_source_timestamp":31321284830200,"circlet_count":0,"master_deck":["Strike_R","Strike_R","Defend_R","Defend_R","Defend_R","Bash","Thunderclap+1","Heavy Blade","Spot Weakness","Entrench+1","Twin Strike","Barricade","Whirlwind","Body Slam"],"relics":["Black Blood","Meat on the Bone","Strawberry","Golden Idol"],"potions_floor_usage":[16,20,20],"damage_taken":[{"damage":5,"enemies":"Small Slimes","floor":1,"turns":4},{"damage":1,"enemies":"Cultist","floor":5,"turns":3},{"damage":5,"enemies":"Jaw Worm","floor":8,"turns":4},{"damage":8,"enemies":"2 Fungi Beasts","floor":13,"turns":4},{"damage":13,"enemies":"Lots of Slimes","floor":14,"turns":4},{"damage":55,"enemies":"Hexaghost","floor":16,"turns":8},{"damage":29,"enemies":"3 Byrds","floor":18,"turns":6},{"damage":46,"enemies":"2 Thieves","floor":19,"turns":4},{"damage":60,"enemies":"Centurion and Healer","floor":20,"turns":6}],"seed_played":"3282787615543507957","potions_obtained":[{"floor":1,"key":"SkillPotion"},{"floor":8,"key":"FearPotion"},{"floor":16,"key":"Energy Potion"},{"floor":19,"key":"DistilledChaos"}],"is_trial":false,"path_per_floor":["M","$","?","?","M","R","T","M","T","?","R","?","M","M","R","B",null,"M","M","M"],"character_chosen":"IRONCLAD","items_purchased":[],"campfire_rested":0,"item_purchase_floors":[],"current_hp_per_floor":[57,57,77,77,80,80,80,80,87,66,66,66,64,57,57,20,87,70,48,0],"gold":461,"neow_bonus":"REMOVE_TWO","is_prod":false,"is_daily":false,"chose_seed":false,"campfire_upgraded":2,"win_rate":0,"timestamp":1714996303,"path_taken":["M","$","?","?","?","R","?","M","T","?","R","?","M","?","R","BOSS","M","M","M"],"build_version":"2022-12-18","purchased_purges":1,"victory":false,"max_hp_per_floor":[80,80,80,80,80,80,80,80,87,87,87,87,87,87,87,87,87,87,87,87],"card_choices":[{"not_picked":["Armaments","Infernal Blade"],"picked":"Thunderclap","floor":1},{"not_picked":["Reckless Charge","Thunderclap"],"picked":"Heavy Blade","floor":5},{"not_picked":["True Grit","Twin Strike"],"picked":"Spot Weakness","floor":8},{"not_picked":["Dark Embrace","Rage","Searing Blow"],"picked":"SKIP","floor":13},{"not_picked":["Disarm","Shockwave"],"picked":"Twin Strike","floor":14},{"not_picked":["Demon Form","Corruption"],"picked":"Barricade","floor":16},{"not_picked":["Cleave","Burning Pact+1"],"picked":"Whirlwind","floor":18},{"not_picked":["Sword Boomerang","Anger"],"picked":"Body Slam","floor":19}],"player_experience":196783,"relics_obtained":[{"floor":7,"key":"Meat on the Bone"},{"floor":9,"key":"Strawberry"}],"event_choices":[{"damage_healed":20,"gold_gain":0,"player_choice":"Healed","damage_taken":0,"max_hp_gain":0,"max_hp_loss":0,"event_name":"The Cleric","floor":3,"gold_loss":35},{"damage_healed":0,"gold_gain":100,"player_choice":"Pray","damage_taken":0,"max_hp_gain":0,"max_hp_loss":0,"event_name":"Golden Shrine","floor":4,"gold_loss":0},{"damage_healed":0,"gold_gain":0,"player_choice":"Take Damage","damage_taken":21,"relics_obtained":["Golden Idol"],"max_hp_gain":0,"max_hp_loss":0,"event_name":"Golden Idol","floor":10,"gold_loss":0},{"damage_healed":0,"gold_gain":0,"cards_transformed":["Strike_R"],"player_choice":"Transformed","damage_taken":0,"max_hp_gain":0,"max_hp_loss":0,"event_name":"Transmorgrifier","floor":12,"gold_loss":0,"cards_obtained":["Entrench"]}],"is_beta":false,"boss_relics":[{"not_picked":["Busted Crown","Fusion Hammer"],"picked":"Black Blood"}],"items_purged_floors":[2],"is_endless":false,"potions_floor_spawned":[1,8,16,19],"killed_by":"Centurion and Healer","ascension_level":1}