{"gold_per_floor":[116,116,128,145,145,180,180,180,180,180,215,390,405,429,429,558,558,581,581,581,215,228,259,259,290,290,290,311,355,355,375,375,495,495,516,76,76,0,25,25,384,418,418,457,457,790,807,346,346,346,346,346,31,57,57],"floor_reached":55,"playtime":9277,"items_purged":["Pain"],"score":952,"play_id":"74104a64-d3bf-4890-bce5-cda1924727be","local_time":"20240504013948","is_ascension_mode":true,"campfire_choices":[{"floor":8,"key":"REST"},{"data":"Whirlwind","floor":10,"key":"SMITH"},{"floor":15,"key":"REST"},{"data":"Warcry","floor":27,"key":"SMITH"},{"data":"Double Tap","floor":32,"key":"SMITH"},{"data":"Limit Break","floor":40,"key":"SMITH"},{"floor":49,"key":"RECALL"},{"data":"Secret Technique","floor":52,"key":"SMITH"}],"neow_cost":"NONE","seed_source_timestamp":11939195384100,"circlet_count":0,"master_deck":["Strike_R+1","Strike_R","Strike_R","Strike_R","Defend_R","Defend_R","Defend_R","Defend_R","Bash+1","Warcry+1","Whirlwind+1","Heavy Blade","Fire Breathing","Second Wind","Pommel Strike+1","Flame Barrier","Reaper+1","Flex","Power Through","Thunderclap+1","Whirlwind+1","Shrug It Off+1","Carnage+1","Spot Weakness","Double Tap+1","Carnage+1","Sword Boomerang+1","Limit Break+1","Burning Pact+1","Spot Weakness+1","Headbutt+1","Warcry+1","Flash of Steel+1","Secret Technique+1","Warcry+1"],"relics":["Black Blood","NeowsBlessing","WarpedTongs","Sundial","Letter Opener","Molten Egg 2","Oddly Smooth Stone","Coffee Dripper","Paper Frog","Brimstone","Champion Belt","MealTicket","The Courier","Juzu Bracelet","HornCleat","Red Skull","Bag of Marbles","Spirit Poop","Red Mask","Old Coin","Mercury Hourglass","Whetstone","Pocketwatch","Strange Spoon","ClockworkSouvenir","Bronze Scales","Du-Vu Doll"],"potions_floor_usage":[16,16,23,28,29,33,44,50,50,54,55,55,55],"damage_taken":[{"damage":0,"enemies":"2 Louse","floor":1,"turns":1},{"damage":1,"enemies":"Cultist","floor":3,"turns":1},{"damage":1,"enemies":"Jaw Worm","floor":4,"turns":1},{"damage":21,"enemies":"3 Sentries","floor":6,"turns":6},{"damage":43,"enemies":"Lagavulin","floor":11,"turns":8},{"damage":0,"enemies":"2 Fungi Beasts","floor":13,"turns":2},{"damage":12,"enemies":"Large Slime","floor":14,"turns":6},{"damage":25,"enemies":"Slime Boss","floor":16,"turns":6},{"damage":37,"enemies":"Shell Parasite","floor":18,"turns":6},{"damage":0,"enemies":"Chosen","floor":22,"turns":3},{"damage":0,"enemies":"Slavers","floor":23,"turns":1},{"damage":18,"enemies":"Book of Stabbing","floor":25,"turns":4},{"damage":1,"enemies":"Centurion and Healer","floor":28,"turns":3},{"damage":20,"enemies":"Gremlin Leader","floor":29,"turns":5},{"damage":0,"enemies":"Sentry and Sphere","floor":31,"turns":3},{"damage":23,"enemies":"Collector","floor":33,"turns":5},{"damage":11,"enemies":"Orb Walker","floor":35,"turns":2},{"damage":0,"enemies":"3 Darklings","floor":39,"turns":2},{"damage":14,"enemies":"2 Orb Walkers","floor":41,"turns":3},{"damage":12,"enemies":"Nemesis","floor":42,"turns":5},{"damage":1,"enemies":"Giant Head","floor":44,"turns":5},{"damage":6,"enemies":"Sphere and 2 Shapes","floor":47,"turns":3},{"damage":82,"enemies":"Donu and Deca","floor":50,"turns":5},{"damage":21,"enemies":"Shield and Spear","floor":54,"turns":3},{"damage":100,"enemies":"The Heart","floor":55,"turns":6}],"seed_played":"-5999389612477054167","potions_obtained":[{"floor":1,"key":"BlessingOfTheForge"},{"floor":13,"key":"Strength Potion"},{"floor":14,"key":"Strength Potion"},{"floor":18,"key":"SpeedPotion"},{"floor":25,"key":"FearPotion"},{"floor":29,"key":"SteroidPotion"},{"floor":35,"key":"LiquidMemories"},{"floor":54,"key":"LiquidBronze"}],"is_trial":false,"path_per_floor":["M","?","M","M","?","E","?","R","T","R","E","?","M","M","R","B",null,"M","?","?","$","M","E","?","E","T","R","M","E","?","M","R","B",null,"M","$","?","?","M","R","?","E","T","E","?","?","M","$","R","B",null,"R","$","E","B"],"character_chosen":"IRONCLAD","items_purchased":["Brimstone","Thunderclap+1","Whirlwind+1","Strength Potion","HornCleat","Red Skull","Bag of Marbles","SteroidPotion","Pocketwatch","Ancient Potion","Strange Spoon","ClockworkSouvenir","FearPotion","Block Potion","Bronze Scales"],"campfire_rested":2,"item_purchase_floors":[21,21,21,21,36,36,36,48,48,48,48,53,53,53,53],"current_hp_per_floor":[80,80,80,80,60,45,20,44,44,44,7,7,13,7,31,12,80,49,49,49,49,62,68,68,56,56,56,61,80,80,80,80,63,80,80,80,80,80,80,80,78,79,79,80,70,70,76,80,80,52,80,80,80,71,0],"gold":57,"neow_bonus":"THREE_ENEMY_KILL","is_prod":false,"is_daily":false,"chose_seed":false,"campfire_upgraded":5,"win_rate":0,"timestamp":1714757988,"path_taken":["M","?","?","M","?","E","?","R","T","R","E","?","M","M","R","BOSS","M","?","?","?","?","E","?","E","T","R","M","E","?","M","R","BOSS","M","$","?","?","M","R","?","E","T","E","?","?","M","$","R","BOSS","R","$","E","BOSS"],"build_version":"2022-12-18","purchased_purges":1,"victory":false,"max_hp_per_floor":[80,80,80,80,80,80,80,80,80,80,80,80,80,80,80,80,80,80,80,80,80,80,80,80,80,80,80,80,80,80,80,80,80,80,80,80,80,80,80,80,80,80,80,80,80,80,80,80,80,80,80,80,80,80,80],"card_choices":[{"not_picked":["Sever Soul","Sword Boomerang"],"picked":"Warcry","floor":1},{"not_picked":["Iron Wave","Power Through"],"picked":"Whirlwind","floor":3},{"not_picked":["Dual Wield","Perfected Strike"],"picked":"Heavy Blade","floor":4},{"not_picked":["Shockwave","Pommel Strike"],"picked":"Fire Breathing","floor":6},{"not_picked":["Armaments","Body Slam+1"],"picked":"Second Wind","floor":11},{"not_picked":["Entrench","Flex"],"picked":"Pommel Strike+1","floor":13},{"not_picked":["Searing Blow+1","Warcry"],"picked":"Flame Barrier","floor":14},{"not_picked":["Offering","Bludgeon+1"],"picked":"Reaper+1","floor":16},{"not_picked":["Thunderclap+1","Armaments"],"picked":"Flex","floor":18},{"not_picked":["Iron Wave+1","Flex"],"picked":"Shrug It Off+1","floor":22},{"not_picked":["Clash+1","Flex+1"],"picked":"Carnage+1","floor":23},{"not_picked":["Feel No Pain","Shockwave","Anger+1"],"picked":"SKIP","floor":25},{"not_picked":["True Grit","Iron Wave+1","Warcry"],"picked":"SKIP","floor":28},{"not_picked":["Entrench","Burning Pact"],"picked":"Double Tap","floor":29},{"not_picked":["Power Through","Clash+1"],"picked":"Sword Boomerang+1","floor":31},{"not_picked":["Corruption","Impervious"],"picked":"Limit Break","floor":33},{"not_picked":["Iron Wave+1","Perfected Strike+1"],"picked":"Burning Pact+1","floor":35},{"not_picked":["Rampage+1","Infernal Blade+1","Disarm"],"picked":"SKIP","floor":39},{"not_picked":["Cleave+1","Thunderclap+1"],"picked":"Spot Weakness+1","floor":41},{"not_picked":["Heavy Blade+1","Inflame"],"picked":"Headbutt+1","floor":42},{"not_picked":["True Grit","Combust"],"picked":"Warcry+1","floor":44},{"not_picked":["Impatience","Jack Of All Trades"],"picked":"Flash of Steel+1","floor":45},{"not_picked":["Metamorphosis","Purity"],"picked":"Secret Technique","floor":45},{"not_picked":["Dropkick+1","Sever Soul+1"],"picked":"Warcry+1","floor":47},{"not_picked":["Uppercut+1","Armaments+1","Body Slam+1"],"picked":"SKIP","floor":54}],"player_experience":158971,"relics_obtained":[{"floor":6,"key":"Sundial"},{"floor":9,"key":"Molten Egg 2"},{"floor":11,"key":"Oddly Smooth Stone"},{"floor":23,"key":"Champion Belt"},{"floor":25,"key":"MealTicket"},{"floor":26,"key":"The Courier"},{"floor":29,"key":"Juzu Bracelet"},{"floor":41,"key":"Old Coin"},{"floor":42,"key":"Mercury Hourglass"},{"floor":44,"key":"Whetstone"},{"floor":54,"key":"Du-Vu Doll"}],"event_choices":[{"damage_healed":0,"gold_gain":0,"player_choice":"Rummage","damage_taken":0,"relics_obtained":["WarpedTongs"],"max_hp_gain":0,"max_hp_loss":0,"event_name":"Accursed Blacksmith","floor":2,"gold_loss":0,"cards_obtained":["Pain"]},{"damage_healed":0,"gold_gain":0,"player_choice":"Take Damage","damage_taken":20,"relics_obtained":["Golden Idol"],"max_hp_gain":0,"max_hp_loss":0,"event_name":"Golden Idol","floor":5,"gold_loss":0},{"damage_healed":0,"gold_gain":0,"player_choice":"Success","damage_taken":25,"relics_obtained":["Letter Opener"],"max_hp_gain":0,"max_hp_loss":0,"event_name":"Scrap Ooze","floor":7,"gold_loss":0},{"damage_healed":0,"gold_gain":175,"player_choice":"AGREE","damage_taken":0,"max_hp_gain":0,"max_hp_loss":0,"event_name":"Liars Game","floor":12,"gold_loss":0,"cards_obtained":["Doubt"]},{"damage_healed":0,"gold_gain":0,"player_choice":"Read","damage_taken":0,"max_hp_gain":0,"max_hp_loss":0,"event_name":"The Library","floor":19,"gold_loss":0,"cards_obtained":["Power Through"]},{"damage_healed":0,"gold_gain":0,"player_choice":"Opened","damage_taken":0,"relics_obtained":["Paper Frog"],"max_hp_gain":0,"max_hp_loss":0,"event_name":"The Mausoleum","floor":20,"gold_loss":0},{"damage_healed":0,"gold_gain":0,"cards_transformed":["Strike_R"],"player_choice":"Transformed","damage_taken":0,"max_hp_gain":0,"max_hp_loss":0,"event_name":"Transmorgrifier","floor":24,"gold_loss":0,"cards_obtained":["Spot Weakness"]},{"damage_healed":0,"gold_gain":0,"player_choice":"1 cards matched","damage_taken":0,"max_hp_gain":0,"max_hp_loss":0,"event_name":"Match and Keep!","floor":30,"gold_loss":0,"cards_obtained":["Carnage"]},{"cards_removed":["Doubt"],"damage_healed":0,"gold_gain":0,"player_choice":"Offered Curse","damage_taken":0,"relics_obtained":["Spirit Poop"],"max_hp_gain":0,"max_hp_loss":0,"event_name":"Bonfire Elementals","floor":37,"gold_loss":0},{"damage_healed":0,"gold_gain":0,"player_choice":"Paid","damage_taken":0,"relics_obtained":["Red Mask"],"max_hp_gain":0,"max_hp_loss":0,"event_name":"Tomb of Lord Red Mask","floor":38,"gold_loss":76},{"damage_healed":0,"gold_gain":0,"player_choice":"Fight","damage_taken":0,"max_hp_gain":0,"max_hp_loss":0,"event_name":"Mysterious Sphere","floor":41,"gold_loss":0},{"damage_healed":0,"gold_gain":0,"player_choice":"Memory 3","damage_taken":10,"max_hp_gain":0,"max_hp_loss":0,"event_name":"SensoryStone","floor":45,"gold_loss":0},{"damage_healed":0,"gold_gain":333,"player_choice":"Gave Idol","damage_taken":0,"max_hp_gain":0,"max_hp_loss":0,"event_name":"The Moai Head","floor":46,"relics_lost":["Golden Idol"],"gold_loss":0}],"is_beta":false,"boss_relics":[{"not_picked":["Empty Cage","Fusion Hammer"],"picked":"Coffee Dripper"},{"not_picked":["Sozu","Snecko Eye"],"picked":"Black Blood"}],"items_purged_floors":[21],"is_endless":false,"potions_floor_spawned":[1,13,14,18,25,29,35,54],"killed_by":"The Heart","ascension_level":1}