{"gold_per_floor":[117,44,44,60,70,87,114,114,166,178,178,194,214,277,277,277],"floor_reached":16,"playtime":1478,"items_purged":[],"score":104,"play_id":"fec1e4c0-23aa-4ede-a54d-3dced901c129","local_time":"20240428234752","is_ascension_mode":false,"campfire_choices":[{"data":"Whirlwind","floor":8,"key":"SMITH"},{"data":"Cleave","floor":11,"key":"SMITH"},{"data":"Burning Pact","floor":15,"key":"SMITH"}],"neow_cost":"","seed_source_timestamp":13963633195500,"circlet_count":0,"master_deck":["Strike_R","Strike_R","Strike_R","Strike_R","Strike_R","Defend_R","Defend_R+1","Defend_R+1","Defend_R","Bash","Iron Wave","Whirlwind+1","Sword Boomerang","Iron Wave","Fire Breathing","Cleave+1","Twin Strike","Bloodletting","Iron Wave","Anger","Burning Pact+1"],"relics":["Burning Blood","Bottled Tornado","Oddly Smooth Stone","War Paint"],"potions_floor_usage":[],"damage_taken":[{"damage":1,"enemies":"Jaw Worm","floor":1,"turns":5},{"damage":1,"enemies":"Cultist","floor":4,"turns":4},{"damage":0,"enemies":"2 Louse","floor":5,"turns":1},{"damage":16,"enemies":"2 Fungi Beasts","floor":6,"turns":3},{"damage":24,"enemies":"Gremlin Nob","floor":7,"turns":5},{"damage":7,"enemies":"Blue Slaver","floor":10,"turns":4},{"damage":30,"enemies":"Large Slime","floor":12,"turns":4},{"damage":0,"enemies":"Lots of Slimes","floor":13,"turns":1},{"damage":27,"enemies":"Lagavulin Event","floor":14,"turns":8},{"damage":17,"enemies":"The Guardian","floor":16,"turns":2}],"seed_played":"583945611921195571","potions_obtained":[{"floor":6,"key":"Weak Potion"},{"floor":10,"key":"HeartOfIron"},{"floor":12,"key":"Weak Potion"},{"floor":14,"key":"ColorlessPotion"}],"is_trial":false,"path_per_floor":["M","$","?","M","M","M","E","R","T","M","R","M","M","?","R","B"],"character_chosen":"IRONCLAD","items_purchased":["Whirlwind"],"campfire_rested":0,"item_purchase_floors":[2],"current_hp_per_floor":[80,80,80,80,80,70,52,52,52,51,51,27,33,12,12,0],"gold":277,"neow_bonus":"","is_prod":false,"is_daily":false,"chose_seed":false,"campfire_upgraded":3,"win_rate":0.0,"timestamp":1714319272,"path_taken":["M","$","?","M","M","M","E","R","T","M","R","M","?","?","R","BOSS"],"build_version":"2022-12-18","purchased_purges":0,"victory":false,"max_hp_per_floor":[80,80,80,80,80,80,80,80,80,80,80,80,80,80,80,80],"card_choices":[{"not_picked":["Clothesline","Pummel"],"picked":"Iron Wave","floor":1},{"not_picked":["Rage","Uppercut"],"picked":"Iron Wave","floor":4},{"not_picked":["Feel No Pain","Iron Wave"],"picked":"Fire Breathing","floor":5},{"not_picked":["Whirlwind","Searing Blow"],"picked":"Cleave","floor":6},{"not_picked":["Body Slam","Battle Trance"],"picked":"Twin Strike","floor":7},{"not_picked":["Whirlwind","Shockwave"],"picked":"Bloodletting","floor":10},{"not_picked":["Inflame","Hemokinesis"],"picked":"Iron Wave","floor":12},{"not_picked":["Twin Strike","Clothesline"],"picked":"Anger","floor":13},{"not_picked":["Dark Embrace","Barricade"],"picked":"Burning Pact","floor":14}],"player_experience":0,"relics_obtained":[{"floor":7,"key":"Bottled Tornado"},{"floor":9,"key":"Oddly Smooth Stone"},{"floor":14,"key":"War Paint"}],"event_choices":[{"damage_healed":0,"gold_gain":0,"player_choice":"1 cards matched","damage_taken":0,"max_hp_gain":0,"max_hp_loss":0,"event_name":"Match and Keep!","floor":3,"gold_loss":0,"cards_obtained":["Sword Boomerang"]},{"damage_healed":0,"gold_gain":0,"player_choice":"Searched \u00272\u0027 times","damage_taken":0,"max_hp_gain":0,"max_hp_loss":0,"event_name":"Dead Adventurer","floor":14,"gold_loss":0}],"is_beta":false,"boss_relics":[],"items_purged_floors":[],"is_endless":false,"potions_floor_spawned":[6,10,12,14],"killed_by":"The Guardian","ascension_level":0}