{"gold_per_floor":[119,119,133,58,18,48,59,78,124,140,155,155],"floor_reached":12,"playtime":807,"items_purged":["Defend_R"],"score":82,"play_id":"2462594c-8bdf-4f1d-8e96-147e67fbe689","local_time":"20240506184843","daily_mods":["Binary"],"is_ascension_mode":false,"campfire_choices":[],"neow_cost":"","seed_source_timestamp":0,"circlet_count":0,"master_deck":["Strike_R","Strike_R","Strike_R","Strike_R","Strike_R","Defend_R","Defend_R","Defend_R","Bash"],"special_seed":0,"relics":["Burning Blood","Busted Crown","FaceOfCleric","The Courier","Nunchaku"],"potions_floor_usage":[],"damage_taken":[{"damage":11.0,"enemies":"Jaw Worm","floor":1.0,"turns":3.0},{"damage":1.0,"enemies":"Cultist","floor":3.0,"turns":3.0},{"damage":35.0,"enemies":"3 Sentries","floor":6.0,"turns":8.0},{"damage":0.0,"enemies":"Small Slimes","floor":7.0,"turns":3.0},{"damage":0.0,"enemies":"Looter","floor":8.0,"turns":3.0},{"damage":12.0,"enemies":"Large Slime","floor":10.0,"turns":6.0},{"damage":8.0,"enemies":"Lots of Slimes","floor":11.0,"turns":5.0},{"damage":0,"enemies":"Looter","floor":12,"turns":1}],"seed_played":"5947488667567143590","potions_obtained":[{"floor":3.0,"key":"CultistPotion"},{"floor":5.0,"key":"LiquidMemories"},{"floor":5.0,"key":"ElixirPotion"},{"floor":6.0,"key":"SpeedPotion"}],"is_trial":true,"path_per_floor":["M","?","M","$","?","E","M","M","T","M","M","M"],"character_chosen":"IRONCLAD","items_purchased":[],"campfire_rested":0,"item_purchase_floors":[],"current_hp_per_floor":[75,75,81,81,81,53,60,67,67,62,61,61],"gold":155,"neow_bonus":"","is_prod":false,"is_daily":false,"chose_seed":false,"campfire_upgraded":0,"win_rate":0,"timestamp":1714992523,"path_taken":["M","?","M","?","?","E","M","M","T","M","M","?"],"build_version":"2022-12-18","purchased_purges":1,"victory":false,"max_hp_per_floor":[80,80,81,81,81,82,83,84,84,85,86,86],"card_choices":[],"player_experience":195976,"relics_obtained":[{"floor":6.0,"key":"The Courier"},{"floor":9.0,"key":"Nunchaku"}],"event_choices":[{"damage_healed":0.0,"max_hp_gain":0.0,"max_hp_loss":0.0,"gold_gain":0.0,"event_name":"FaceTrader","player_choice":"Trade","floor":2.0,"gold_loss":0.0,"damage_taken":0.0,"relics_obtained":["FaceOfCleric"]},{"damage_healed":0.0,"max_hp_gain":0.0,"max_hp_loss":0.0,"gold_gain":0.0,"event_name":"The Woman in Blue","player_choice":"Bought 3 Potions","floor":5.0,"gold_loss":0.0,"damage_taken":0.0}],"is_beta":false,"boss_relics":[],"items_purged_floors":[4],"is_endless":false,"potions_floor_spawned":[3,6,7,10],"killed_by":"Looter","ascension_level":0}