{"gold_per_floor":[113,113,113,138,152,186,201,126,126,126,159,178,211,211,211,211],"floor_reached":16,"playtime":569,"items_purged":["Strike_R"],"score":138,"play_id":"f1b7f8ea-12f0-4b7b-ac0e-4d6a114f268e","local_time":"20240508210753","is_ascension_mode":true,"campfire_choices":[{"data":"Double Tap","floor":10,"key":"SMITH"},{"floor":15,"key":"REST"}],"neow_cost":"NONE","seed_source_timestamp":211883979787200,"circlet_count":0,"master_deck":["Strike_R","Strike_R","Strike_R","Strike_R","Defend_R","Defend_R+1","Defend_R+1","Bash","Intimidate","Anger","Double Tap+1","Blood for Blood","Thunderclap","Pommel Strike"],"relics":["Burning Blood","NeowsBlessing","Golden Idol","Lantern","War Paint","Darkstone Periapt","Bronze Scales","Letter Opener"],"potions_floor_usage":[6,13,13],"damage_taken":[{"damage":0,"enemies":"Cultist","floor":1,"turns":1},{"damage":0,"enemies":"Small Slimes","floor":4,"turns":1},{"damage":0,"enemies":"Jaw Worm","floor":5,"turns":1},{"damage":23,"enemies":"Lagavulin","floor":6,"turns":5},{"damage":0,"enemies":"3 Louse","floor":7,"turns":4},{"damage":30,"enemies":"Gremlin Nob","floor":11,"turns":4},{"damage":5,"enemies":"Blue Slaver","floor":12,"turns":2},{"damage":15,"enemies":"Lagavulin","floor":13,"turns":4},{"damage":53,"enemies":"The Guardian","floor":16,"turns":7}],"seed_played":"-5508707270755491325","potions_obtained":[{"floor":1,"key":"SkillPotion"},{"floor":5,"key":"ElixirPotion"},{"floor":7,"key":"DistilledChaos"},{"floor":12,"key":"EssenceOfSteel"}],"is_trial":false,"path_per_floor":["M","?","?","M","M","E","M","$","T","R","E","M","E","T","R","B"],"character_chosen":"IRONCLAD","items_purchased":[],"campfire_rested":1,"item_purchase_floors":[],"current_hp_per_floor":[80,60,60,66,72,55,61,61,61,61,37,38,29,29,53,0],"gold":211,"neow_bonus":"THREE_ENEMY_KILL","is_prod":false,"is_daily":false,"chose_seed":false,"campfire_upgraded":1,"win_rate":0,"timestamp":1715173673,"path_taken":["M","?","?","M","?","E","M","$","T","R","E","M","E","?","R","BOSS"],"build_version":"2022-12-18","purchased_purges":1,"victory":false,"max_hp_per_floor":[80,80,80,80,80,80,80,80,80,80,80,80,80,80,80,80],"card_choices":[{"not_picked":["Headbutt","Armaments"],"picked":"Intimidate","floor":1},{"not_picked":["Pommel Strike","Body Slam"],"picked":"Anger","floor":4},{"not_picked":["Clash","Power Through"],"picked":"Double Tap","floor":5},{"not_picked":["Seeing Red","Second Wind","Iron Wave"],"picked":"SKIP","floor":6},{"not_picked":["True Grit","Perfected Strike"],"picked":"Blood for Blood","floor":7},{"not_picked":["True Grit","Juggernaut"],"picked":"Thunderclap","floor":11},{"not_picked":["Sword Boomerang","Anger","Headbutt"],"picked":"SKIP","floor":12},{"not_picked":["Second Wind","Sever Soul"],"picked":"Pommel Strike","floor":13}],"player_experience":214342,"relics_obtained":[{"floor":6,"key":"Lantern"},{"floor":9,"key":"War Paint"},{"floor":11,"key":"Darkstone Periapt"},{"floor":13,"key":"Bronze Scales"},{"floor":14,"key":"Letter Opener"}],"event_choices":[{"damage_healed":0,"gold_gain":0,"player_choice":"Take Damage","damage_taken":20,"relics_obtained":["Golden Idol"],"max_hp_gain":0,"max_hp_loss":0,"event_name":"Golden Idol","floor":2,"gold_loss":0},{"cards_removed":["Defend_R"],"damage_healed":0,"gold_gain":0,"player_choice":"Offered Basic","damage_taken":0,"max_hp_gain":0,"max_hp_loss":0,"event_name":"Bonfire Elementals","floor":3,"gold_loss":0}],"is_beta":false,"boss_relics":[],"items_purged_floors":[8],"is_endless":false,"potions_floor_spawned":[1,5,7,12],"killed_by":"The Guardian","ascension_level":3}