{"gold_per_floor":[110,110,60,60,74,109,109,34,58,102,102,126,126,148,148,254,254,280,195,204,223,268,296,296,327,353,49,85,85,104,117,117,227,227,244,1243,1243,1289,1308,1341,1341,708,731,757,757,766,784,819,819,819,819,819,322,351,351],"floor_reached":56,"playtime":5286,"items_purged":["Strike_R","Defend_R","Defend_R"],"score":1657,"play_id":"0e01b118-26cd-471f-966e-248a1e0680f1","local_time":"20240508233116","is_ascension_mode":true,"campfire_choices":[{"data":"Blood for Blood","floor":11.0,"key":"SMITH"},{"data":"Combust","floor":13.0,"key":"SMITH"},{"data":"Bash","floor":15.0,"key":"SMITH"},{"data":"Brutality","floor":24.0,"key":"SMITH"},{"data":"Corruption","floor":29.0,"key":"SMITH"},{"data":"Rupture","floor":32.0,"key":"SMITH"},{"data":"Whirlwind","floor":41.0,"key":"SMITH"},{"data":"Heavy Blade","floor":45.0,"key":"SMITH"},{"floor":49,"key":"RECALL"},{"data":"Dual Wield","floor":52,"key":"SMITH"}],"neow_cost":"NONE","seed_source_timestamp":215396391086800,"circlet_count":0,"master_deck":["Strike_R","Strike_R","Strike_R","Defend_R","Bash+1","Hemokinesis","Blood for Blood+1","Heavy Blade+1","Combust+1","Ghostly Armor","Brutality+1","Whirlwind+1","J.A.X.","Rupture+1","Ghostly","Ghostly","Ghostly","Ghostly","Ghostly","Corruption+1","Limit Break","Warcry+1","Dark Embrace","Impatience","Madness","Madness","Dual Wield+1","Thinking Ahead"],"special_seed":0,"relics":["Burning Blood","Gambling Chip","CaptainsWheel","CeramicFish","Vajra","Paper Frog","Runic Dome","Magic Flower","MealTicket","Torii","Omamori","Thread and Needle","Du-Vu Doll","Black Star","Calipers","Bronze Scales","Boot","Pocketwatch","HandDrill","Dream Catcher","Happy Flower","Prayer Wheel","Bag of Marbles","Membership Card","Centennial Puzzle","Red Skull","Pen Nib","InkBottle"],"potions_floor_usage":[50,50,55,55],"damage_taken":[{"damage":6.0,"enemies":"2 Louse","floor":1.0,"turns":2.0},{"damage":2.0,"enemies":"Cultist","floor":5.0,"turns":2.0},{"damage":16.0,"enemies":"Gremlin Nob","floor":6.0,"turns":3.0},{"damage":17.0,"enemies":"Lagavulin","floor":10.0,"turns":5.0},{"damage":2.0,"enemies":"Small Slimes","floor":12.0,"turns":2.0},{"damage":4.0,"enemies":"Blue Slaver","floor":14.0,"turns":3.0},{"damage":40.0,"enemies":"The Guardian","floor":16.0,"turns":6.0},{"damage":21.0,"enemies":"3 Byrds","floor":18.0,"turns":3.0},{"damage":14.0,"enemies":"Chosen","floor":21.0,"turns":4.0},{"damage":9.0,"enemies":"Book of Stabbing","floor":23.0,"turns":5.0},{"damage":17.0,"enemies":"Gremlin Leader","floor":25.0,"turns":4.0},{"damage":14.0,"enemies":"Book of Stabbing","floor":28.0,"turns":5.0},{"damage":18.0,"enemies":"Snake Plant","floor":30.0,"turns":4.0},{"damage":7.0,"enemies":"Centurion and Healer","floor":31.0,"turns":5.0},{"damage":15.0,"enemies":"Champ","floor":33.0,"turns":6.0},{"damage":7.0,"enemies":"3 Darklings","floor":35.0,"turns":4.0},{"damage":8.0,"enemies":"2 Orb Walkers","floor":38.0,"turns":4.0},{"damage":6.0,"enemies":"3 Shapes","floor":39.0,"turns":3.0},{"damage":10.0,"enemies":"Reptomancer","floor":40.0,"turns":5.0},{"damage":9.0,"enemies":"Nemesis","floor":44.0,"turns":5.0},{"damage":8,"enemies":"Giant Head","floor":48,"turns":4},{"damage":9,"enemies":"Time Eater","floor":50,"turns":5},{"damage":4,"enemies":"Shield and Spear","floor":54,"turns":4},{"damage":44,"enemies":"The Heart","floor":55,"turns":7}],"seed_played":"8996868627576305048","potions_obtained":[{"floor":5.0,"key":"DistilledChaos"},{"floor":6.0,"key":"LiquidBronze"},{"floor":14.0,"key":"SpeedPotion"},{"floor":16.0,"key":"LiquidMemories"},{"floor":21.0,"key":"DistilledChaos"},{"floor":28.0,"key":"GamblersBrew"},{"floor":31.0,"key":"Energy Potion"},{"floor":33.0,"key":"SpeedPotion"},{"floor":35.0,"key":"BloodPotion"},{"floor":54,"key":"BloodPotion"}],"is_trial":false,"path_per_floor":["M","?","?","?","M","E","?","$","T","E","R","M","R","M","R","B",null,"M","?","?","M","?","E","R","E","T","$","E","R","M","M","R","B",null,"M","?","?","?","M","E","R","$","T","E","R","?","?","E","R","B",null,"R","$","E","B",null],"character_chosen":"IRONCLAD","items_purchased":["Thread and Needle","Pocketwatch","HandDrill","Dark Embrace","Membership Card","Centennial Puzzle","Red Skull","Weak Potion","FearPotion","Thinking Ahead"],"campfire_rested":0,"item_purchase_floors":[27,42,42,42,53,53,53,53,53,53],"current_hp_per_floor":[80,80,80,80,80,70,52,52,52,41,41,45,45,47,47,13,80,65,65,65,60,40,40,40,32,32,40,35,35,26,28,28,22,40,40,40,40,40,40,39,39,40,40,40,40,35,30,31,31,31,40,40,40,40,29],"gold":351,"neow_bonus":"REMOVE_CARD","is_prod":false,"is_daily":false,"chose_seed":false,"campfire_upgraded":9,"win_rate":0,"timestamp":1715182276,"path_taken":["M","?","?","?","M","E","?","?","T","E","R","M","R","M","R","BOSS","M","?","?","M","?","E","R","E","T","?","E","R","M","M","R","BOSS","M","?","?","?","M","E","R","$","T","E","R","?","?","E","R","BOSS","R","$","E","BOSS"],"build_version":"2022-12-18","purchased_purges":3,"victory":true,"max_hp_per_floor":[80,80,80,80,80,80,80,80,80,80,80,80,80,80,80,80,80,80,80,80,80,40,40,40,40,40,40,40,40,40,40,40,40,40,40,40,40,40,40,40,40,40,40,40,40,40,40,40,40,40,40,40,40,40,40],"card_choices":[{"not_picked":["Anger","Iron Wave"],"picked":"Hemokinesis","floor":1.0},{"not_picked":["Body Slam","Headbutt","Second Wind"],"picked":"SKIP","floor":5.0},{"not_picked":["Bludgeon","Iron Wave"],"picked":"Blood for Blood","floor":6.0},{"not_picked":["Havoc","Feel No Pain"],"picked":"Heavy Blade","floor":10.0},{"not_picked":["Headbutt","Clash"],"picked":"Combust","floor":12.0},{"not_picked":["Searing Blow","Heavy Blade"],"picked":"Ghostly Armor","floor":14.0},{"not_picked":["Reaper","Feed"],"picked":"Brutality","floor":16.0},{"not_picked":["Carnage","Pummel"],"picked":"Whirlwind","floor":18.0},{"not_picked":["Dual Wield","True Grit"],"picked":"Rupture","floor":21.0},{"not_picked":["Sever Soul+1","Thunderclap","Havoc+1"],"picked":"SKIP","floor":23.0},{"not_picked":["Havoc","Bludgeon","Perfected Strike"],"picked":"SKIP","floor":25.0},{"not_picked":["Brutality","Body Slam"],"picked":"Corruption","floor":28.0},{"not_picked":["Iron Wave","Flex","Thunderclap"],"picked":"SKIP","floor":30.0},{"not_picked":["Twin Strike","Heavy Blade+1","Cleave"],"picked":"SKIP","floor":31.0},{"not_picked":["Reaper","Double Tap"],"picked":"Limit Break","floor":33.0},{"not_picked":["Body Slam+1","Entrench+1","Sword Boomerang+1"],"picked":"SKIP","floor":35.0},{"not_picked":["Twin Strike+1","Flex+1"],"picked":"Warcry+1","floor":39.0},{"not_picked":["Uppercut","Whirlwind","Headbutt"],"picked":"SKIP","floor":40.0},{"not_picked":["Pummel","Intimidate","Blood for Blood+1"],"picked":"SKIP","floor":44.0},{"not_picked":["Mayhem","Dramatic Entrance"],"picked":"Impatience","floor":46},{"not_picked":["Sentinel","Headbutt+1"],"picked":"Dual Wield","floor":48},{"not_picked":["Uppercut+1","Barricade","Heavy Blade"],"picked":"SKIP","floor":54}],"player_experience":217618,"relics_obtained":[{"floor":6.0,"key":"CaptainsWheel"},{"floor":9.0,"key":"Vajra"},{"floor":10.0,"key":"Paper Frog"},{"floor":23.0,"key":"MealTicket"},{"floor":25.0,"key":"Torii"},{"floor":26.0,"key":"Omamori"},{"floor":28.0,"key":"Du-Vu Doll"},{"floor":38.0,"key":"Calipers"},{"floor":40.0,"key":"Bronze Scales"},{"floor":40.0,"key":"Boot"},{"floor":44.0,"key":"Dream Catcher"},{"floor":44.0,"key":"Happy Flower"},{"floor":48,"key":"Prayer Wheel"},{"floor":48,"key":"Bag of Marbles"},{"floor":54,"key":"Pen Nib"},{"floor":54,"key":"InkBottle"}],"event_choices":[{"damage_healed":0.0,"max_hp_gain":0.0,"max_hp_loss":0.0,"gold_gain":0.0,"event_name":"Big Fish","player_choice":"Box","floor":2.0,"gold_loss":0.0,"damage_taken":0.0,"relics_obtained":["Gambling Chip"],"cards_obtained":["Regret"]},{"cards_removed":["Regret"],"damage_healed":0.0,"max_hp_gain":0.0,"max_hp_loss":0.0,"gold_gain":0.0,"event_name":"The Cleric","player_choice":"Card Removal","floor":3.0,"gold_loss":50.0,"damage_taken":0.0},{"damage_healed":0.0,"max_hp_gain":0.0,"max_hp_loss":0.0,"gold_gain":0.0,"event_name":"Liars Game","player_choice":"Ignored","floor":4.0,"gold_loss":0.0,"damage_taken":0.0},{"damage_healed":0.0,"max_hp_gain":0.0,"max_hp_loss":0.0,"gold_gain":0.0,"event_name":"Scrap Ooze","player_choice":"Success","floor":7.0,"gold_loss":0.0,"damage_taken":18.0,"relics_obtained":["CeramicFish"]},{"damage_healed":0.0,"max_hp_gain":0.0,"max_hp_loss":0.0,"gold_gain":0.0,"event_name":"Addict","player_choice":"Obtained Relic","floor":19.0,"gold_loss":85.0,"damage_taken":0.0,"relics_obtained":["Magic Flower"]},{"damage_healed":0.0,"max_hp_gain":0.0,"max_hp_loss":0.0,"gold_gain":0.0,"event_name":"Drug Dealer","player_choice":"Obtain J.A.X.","floor":20.0,"gold_loss":0.0,"damage_taken":0.0,"cards_obtained":["J.A.X."]},{"damage_healed":0.0,"max_hp_gain":0.0,"max_hp_loss":40.0,"gold_gain":0.0,"event_name":"Ghosts","player_choice":"Became a Ghost","floor":22.0,"gold_loss":0.0,"damage_taken":0.0,"cards_obtained":["Ghostly","Ghostly","Ghostly","Ghostly","Ghostly"]},{"damage_healed":0.0,"max_hp_gain":0.0,"max_hp_loss":0.0,"gold_gain":999.0,"event_name":"MindBloom","player_choice":"Gold","floor":36.0,"gold_loss":0.0,"damage_taken":0.0,"cards_obtained":["Normality","Normality"]},{"cards_removed":["Strike_R"],"damage_healed":0.0,"max_hp_gain":0.0,"max_hp_loss":0.0,"gold_gain":0.0,"event_name":"Falling","player_choice":"Removed Attack","floor":37.0,"gold_loss":0.0,"damage_taken":0.0},{"damage_healed":0.0,"max_hp_gain":0.0,"max_hp_loss":0.0,"gold_gain":0.0,"event_name":"Mysterious Sphere","player_choice":"Fight","floor":38.0,"gold_loss":0.0,"damage_taken":0.0},{"damage_healed":0,"gold_gain":0,"player_choice":"Memory 2","damage_taken":5,"max_hp_gain":0,"max_hp_loss":0,"event_name":"SensoryStone","floor":46,"gold_loss":0},{"damage_healed":0,"gold_gain":0,"player_choice":"Embrace Madness","damage_taken":5,"max_hp_gain":0,"max_hp_loss":0,"event_name":"Winding Halls","floor":47,"gold_loss":0,"cards_obtained":["Madness","Madness"]}],"is_beta":false,"boss_relics":[{"not_picked":["Ectoplasm","Snecko Eye"],"picked":"Runic Dome"},{"not_picked":["Velvet Choker","Mark of Pain"],"picked":"Black Star"}],"items_purged_floors":[8,42,53],"is_endless":false,"potions_floor_spawned":[5,6,14,16,21,28,31,33,35,39,54],"ascension_level":1}