{"gold_per_floor":[119,132,132,132,150,150,5,36,36,59,97,97,116,129,129,249,249,272,127,152,152,152,152,190,210,210,210,210,36,51,74,74,74],"floor_reached":33,"playtime":1408,"items_purged":["Parasite","Strike_R"],"score":289,"play_id":"e5829218-70fd-4231-928b-f8fce1039205","local_time":"20240508215621","is_ascension_mode":true,"campfire_choices":[{"data":"Flex","floor":6.0,"key":"SMITH"},{"data":"Blood for Blood","floor":15,"key":"SMITH"},{"data":"Whirlwind","floor":23,"key":"SMITH"},{"data":"Limit Break","floor":28,"key":"SMITH"},{"floor":32,"key":"REST"}],"neow_cost":"PERCENT_DAMAGE","seed_source_timestamp":213840592804700,"circlet_count":0,"master_deck":["Strike_R","Strike_R","Strike_R","Defend_R","Defend_R","Bash","Spot Weakness","Iron Wave","Flex+1","Pommel Strike","Pummel","Blood for Blood+1","Limit Break+1","Heavy Blade","Whirlwind+1","RitualDagger","Fire Breathing","Hemokinesis+1","True Grit"],"special_seed":0,"relics":["Burning Blood","Golden Idol","Membership Card","Kunai","Letter Opener","Lantern","Potion Belt","Mark of Pain","Bag of Preparation","WarpedTongs","Vajra","Gremlin Horn","HornCleat"],"potions_floor_usage":[30,31,33],"damage_taken":[{"damage":0.0,"enemies":"Small Slimes","floor":1.0,"turns":3.0},{"damage":1.0,"enemies":"Cultist","floor":2.0,"turns":3.0},{"damage":6.0,"enemies":"Jaw Worm","floor":5.0,"turns":3.0},{"damage":25.0,"enemies":"3 Sentries","floor":8.0,"turns":7.0},{"damage":15.0,"enemies":"Gremlin Nob","floor":11.0,"turns":4.0},{"damage":1.0,"enemies":"2 Fungi Beasts","floor":13.0,"turns":3.0},{"damage":0,"enemies":"3 Louse","floor":14,"turns":2},{"damage":30,"enemies":"Hexaghost","floor":16,"turns":6},{"damage":12,"enemies":"Shell Parasite","floor":18,"turns":2},{"damage":0,"enemies":"Chosen","floor":20,"turns":3},{"damage":30,"enemies":"Gremlin Leader","floor":24,"turns":5},{"damage":28,"enemies":"Shelled Parasite and Fungi","floor":25,"turns":4},{"damage":0,"enemies":"Snecko","floor":30,"turns":3},{"damage":19,"enemies":"Centurion and Healer","floor":31,"turns":3},{"damage":46,"enemies":"Collector","floor":33,"turns":6}],"seed_played":"-3973021396509385377","potions_obtained":[{"floor":1.0,"key":"LiquidMemories"},{"floor":2.0,"key":"SteroidPotion"},{"floor":16,"key":"FearPotion"},{"floor":18,"key":"Weak Potion"}],"is_trial":false,"path_per_floor":["M","M","?","?","M","R","$","E","T","T","E","?","M","M","R","B",null,"M","$","M","?","?","R","E","M","T","?","R","$","M","M","R","B"],"character_chosen":"IRONCLAD","items_purchased":["Membership Card","Bag of Preparation","Whirlwind","HornCleat"],"campfire_rested":1,"item_purchase_floors":[7,19,19,29],"current_hp_per_floor":[62,67,47,47,47,47,47,28,28,28,19,39,44,50,50,26,80,74,74,77,71,71,71,47,25,25,25,25,25,31,18,41,0],"gold":74,"neow_bonus":"REMOVE_TWO","is_prod":false,"is_daily":false,"chose_seed":false,"campfire_upgraded":4,"win_rate":0,"timestamp":1715176581,"path_taken":["M","M","?","?","?","R","?","E","T","?","E","?","M","M","R","BOSS","M","$","M","?","?","R","E","?","T","?","R","$","?","M","R","BOSS"],"build_version":"2022-12-18","purchased_purges":2,"victory":false,"max_hp_per_floor":[80,80,80,80,80,80,80,80,80,80,80,80,80,80,80,80,80,80,77,77,77,77,77,77,77,77,77,77,77,77,77,77,77],"card_choices":[{"not_picked":["Flex","Clothesline"],"picked":"Spot Weakness","floor":1.0},{"not_picked":["Clothesline","Cleave","Warcry"],"picked":"SKIP","floor":2.0},{"not_picked":["Berserk","Perfected Strike"],"picked":"Flex","floor":5.0},{"not_picked":["Armaments","Body Slam"],"picked":"Pommel Strike","floor":8.0},{"not_picked":["Combust","Body Slam"],"picked":"Pummel","floor":11.0},{"not_picked":["Havoc","Cleave"],"picked":"Blood for Blood","floor":13.0},{"not_picked":["Perfected Strike","Spot Weakness","Pommel Strike"],"picked":"SKIP","floor":14},{"not_picked":["Bludgeon","Juggernaut"],"picked":"Limit Break","floor":16},{"not_picked":["Bloodletting+1","Perfected Strike"],"picked":"Heavy Blade","floor":18},{"not_picked":["Flex","Wild Strike","Bloodletting"],"picked":"SKIP","floor":20},{"not_picked":["Wild Strike+1","Bludgeon"],"picked":"Fire Breathing","floor":24},{"not_picked":["Armaments+1","Havoc","Wild Strike"],"picked":"SKIP","floor":25},{"not_picked":["Anger","Thunderclap"],"picked":"Hemokinesis+1","floor":30},{"not_picked":["Burning Pact","Armaments"],"picked":"True Grit","floor":31}],"player_experience":216210,"relics_obtained":[{"floor":8.0,"key":"Kunai"},{"floor":9.0,"key":"Letter Opener"},{"floor":10.0,"key":"Lantern"},{"floor":11.0,"key":"Potion Belt"},{"floor":24,"key":"Vajra"},{"floor":26,"key":"Gremlin Horn"}],"event_choices":[{"damage_healed":0.0,"max_hp_gain":0.0,"max_hp_loss":0.0,"gold_gain":0.0,"event_name":"Golden Idol","player_choice":"Take Damage","floor":3.0,"gold_loss":0.0,"damage_taken":20.0,"relics_obtained":["Golden Idol"]},{"cards_removed":["Defend_R"],"damage_healed":0.0,"max_hp_gain":0.0,"max_hp_loss":0.0,"gold_gain":0.0,"event_name":"NoteForYourself","player_choice":"Took Card","floor":4.0,"gold_loss":0.0,"damage_taken":0.0,"cards_obtained":["Iron Wave"]},{"damage_healed":20.0,"max_hp_gain":0.0,"max_hp_loss":0.0,"gold_gain":0.0,"event_name":"Mushrooms","player_choice":"Healed and dodged fight","floor":12.0,"gold_loss":0.0,"damage_taken":0.0,"cards_obtained":["Parasite"]},{"damage_healed":0,"gold_gain":0,"player_choice":"Joined the Cult","damage_taken":6,"max_hp_gain":0,"max_hp_loss":0,"event_name":"Nest","floor":21,"gold_loss":0,"cards_obtained":["RitualDagger"]},{"damage_healed":0,"gold_gain":0,"player_choice":"Rummage","damage_taken":0,"relics_obtained":["WarpedTongs"],"max_hp_gain":0,"max_hp_loss":0,"event_name":"Accursed Blacksmith","floor":22,"gold_loss":0,"cards_obtained":["Pain"]},{"cards_removed":["Pain"],"damage_healed":0,"gold_gain":0,"player_choice":"Removed Curses","damage_taken":0,"max_hp_gain":0,"max_hp_loss":0,"event_name":"Fountain of Cleansing","floor":27,"gold_loss":0}],"is_beta":false,"boss_relics":[{"not_picked":["Runic Dome","Black Star"],"picked":"Mark of Pain"}],"items_purged_floors":[19,29],"is_endless":false,"potions_floor_spawned":[1,2,16,18],"killed_by":"Collector","ascension_level":1}