{"gold_per_floor":[113,113,113,133,133,133,172,347,372,372,405,22,22,41,41,41],"floor_reached":16,"playtime":765,"items_purged":["Doubt"],"score":127,"play_id":"372eeabe-27d3-46d5-a7e6-f4087c0ddb5f","local_time":"20240510131226","is_ascension_mode":true,"campfire_choices":[{"data":"Barricade","floor":6.0,"key":"SMITH"},{"floor":10.0,"key":"REST"},{"data":"Brutality","floor":15.0,"key":"SMITH"}],"neow_cost":"TEN_PERCENT_HP_LOSS","seed_source_timestamp":75450803677200,"circlet_count":0,"master_deck":["Strike_R","Strike_R","Strike_R","Defend_R","Defend_R","Defend_R","Defend_R","Bash","Barricade+1","Body Slam","Evolve","Pommel Strike","Brutality+1"],"special_seed":0,"relics":["Burning Blood","TungstenRod","Golden Idol","Anchor","Lantern","The Courier","Pantograph","Toolbox"],"potions_floor_usage":[16],"damage_taken":[{"damage":6.0,"enemies":"2 Louse","floor":1.0,"turns":3.0},{"damage":7.0,"enemies":"Small Slimes","floor":4.0,"turns":5.0},{"damage":43.0,"enemies":"3 Sentries","floor":7.0,"turns":15.0},{"damage":19.0,"enemies":"Gremlin Nob","floor":11.0,"turns":5.0},{"damage":0.0,"enemies":"Jaw Worm","floor":14.0,"turns":2.0},{"damage":47,"enemies":"Hexaghost","floor":16,"turns":10}],"seed_played":"4279501506710036819","potions_obtained":[{"floor":4.0,"key":"AttackPotion"},{"floor":11.0,"key":"FearPotion"}],"is_trial":false,"path_per_floor":["M","?","?","M","?","R","E","?","T","R","E","$","?","M","R","B"],"character_chosen":"IRONCLAD","items_purchased":["Pantograph","Toolbox"],"campfire_rested":1,"item_purchase_floors":[12,12],"current_hp_per_floor":[72,69,63,62,45,45,8,8,8,29,16,16,16,22,22,0],"gold":41,"neow_bonus":"THREE_RARE_CARDS","is_prod":false,"is_daily":false,"chose_seed":false,"campfire_upgraded":2,"win_rate":0,"timestamp":1715317946,"path_taken":["M","?","?","M","?","R","E","?","T","R","E","$","?","M","R","BOSS"],"build_version":"2022-12-18","purchased_purges":1,"victory":false,"max_hp_per_floor":[72,72,72,72,72,72,72,72,72,72,72,72,72,72,72,72],"card_choices":[{"not_picked":["Exhume","Double Tap"],"picked":"Barricade","floor":0.0},{"not_picked":["Second Wind","Sentinel"],"picked":"Body Slam","floor":1.0},{"not_picked":["Headbutt","Pummel"],"picked":"Evolve","floor":4.0},{"not_picked":["Havoc","Flex"],"picked":"Pommel Strike","floor":7.0},{"not_picked":["Infernal Blade","Body Slam","Perfected Strike"],"picked":"SKIP","floor":11.0},{"not_picked":["Sword Boomerang","Blood for Blood"],"picked":"Brutality","floor":14.0}],"player_experience":236047,"relics_obtained":[{"floor":7.0,"key":"Anchor"},{"floor":9.0,"key":"Lantern"},{"floor":11.0,"key":"The Courier"}],"event_choices":[{"damage_healed":0.0,"max_hp_gain":0.0,"max_hp_loss":0.0,"gold_gain":0.0,"event_name":"Scrap Ooze","player_choice":"Success","floor":2.0,"gold_loss":0.0,"damage_taken":3.0,"relics_obtained":["TungstenRod"]},{"cards_removed":["Strike_R"],"damage_healed":0.0,"max_hp_gain":0.0,"max_hp_loss":0.0,"gold_gain":0.0,"event_name":"Golden Wing","player_choice":"Card Removal","floor":3.0,"gold_loss":0.0,"damage_taken":7.0},{"damage_healed":0.0,"max_hp_gain":0.0,"max_hp_loss":0.0,"gold_gain":0.0,"event_name":"Golden Idol","player_choice":"Take Damage","floor":5.0,"gold_loss":0.0,"damage_taken":18.0,"relics_obtained":["Golden Idol"]},{"damage_healed":0.0,"max_hp_gain":0.0,"max_hp_loss":0.0,"gold_gain":175.0,"event_name":"Liars Game","player_choice":"AGREE","floor":8.0,"gold_loss":0.0,"damage_taken":0.0,"cards_obtained":["Doubt"]},{"cards_removed":["Strike_R"],"damage_healed":0.0,"max_hp_gain":0.0,"max_hp_loss":0.0,"gold_gain":0.0,"event_name":"Living Wall","player_choice":"Forget","floor":13.0,"gold_loss":0.0,"damage_taken":0.0}],"is_beta":false,"boss_relics":[],"items_purged_floors":[12],"is_endless":false,"potions_floor_spawned":[4,11],"killed_by":"Hexaghost","ascension_level":4}