{"gold_per_floor":[364,39,58,58,69,69,98,98,123,133,146,146,165,176,176,280,280,294,294,294,294,317,317,344,344],"floor_reached":25,"playtime":1299,"items_purged":["Shame"],"score":254,"play_id":"418054ab-5586-4803-85b8-011b894209f0","local_time":"20240508213050","is_ascension_mode":true,"campfire_choices":[{"data":"Bash","floor":6.0,"key":"SMITH"},{"data":"Rampage","floor":8.0,"key":"SMITH"},{"data":"Barricade","floor":12.0,"key":"SMITH"},{"floor":15.0,"key":"REST"},{"data":"Whirlwind","floor":23.0,"key":"SMITH"}],"neow_cost":"CURSE","seed_source_timestamp":212462504268800,"circlet_count":0,"master_deck":["Bash+1","Rampage+1","Pommel Strike","Power Through+1","Barricade+1","Anger","Sentinel","Havoc","Immolate","Limit Break+1","Armaments","Perfected Strike","Shockwave","Exhume","Thunderclap","Reaper","Combust","Dark Embrace","J.A.X.","Whirlwind+1","Entrench+1"],"special_seed":0,"relics":["Burning Blood","White Beast Statue","PreservedInsect","Boot","Pandora\u0027s Box","Bronze Scales","Strawberry","War Paint"],"potions_floor_usage":[24,25],"damage_taken":[{"damage":6.0,"enemies":"Cultist","floor":1.0,"turns":4.0},{"damage":7.0,"enemies":"Small Slimes","floor":3.0,"turns":3.0},{"damage":3.0,"enemies":"Jaw Worm","floor":5.0,"turns":4.0},{"damage":40.0,"enemies":"3 Sentries","floor":7.0,"turns":8.0},{"damage":10.0,"enemies":"3 Louse","floor":10.0,"turns":4.0},{"damage":10.0,"enemies":"Looter","floor":11.0,"turns":4.0},{"damage":11.0,"enemies":"Blue Slaver","floor":13.0,"turns":5.0},{"damage":4.0,"enemies":"Red Slaver","floor":14.0,"turns":7.0},{"damage":22.0,"enemies":"Slime Boss","floor":16.0,"turns":14.0},{"damage":5.0,"enemies":"Chosen","floor":18.0,"turns":6.0},{"damage":59,"enemies":"Slavers","floor":24,"turns":3},{"damage":41,"enemies":"Shell Parasite","floor":25,"turns":5}],"seed_played":"5912539389112703549","potions_obtained":[{"floor":1.0,"key":"ColorlessPotion"},{"floor":3.0,"key":"Block Potion"},{"floor":5.0,"key":"DuplicationPotion"},{"floor":7.0,"key":"SpeedPotion"},{"floor":10.0,"key":"ColorlessPotion"},{"floor":11.0,"key":"CultistPotion"},{"floor":13.0,"key":"AttackPotion"},{"floor":14.0,"key":"Block Potion"},{"floor":16.0,"key":"LiquidBronze"},{"floor":18.0,"key":"SteroidPotion"},{"floor":24,"key":"EssenceOfSteel"}],"is_trial":false,"path_per_floor":["M","$","M","$","M","R","E","R","T","M","M","R","M","M","R","B",null,"M","?","?","?","T","R","E","M"],"character_chosen":"IRONCLAD","items_purchased":["White Beast Statue"],"campfire_rested":1,"item_purchase_floors":[2],"current_hp_per_floor":[80,80,79,79,80,80,46,46,46,42,38,38,33,35,59,43,80,80,80,80,80,87,87,34,0],"gold":344,"neow_bonus":"TWO_FIFTY_GOLD","is_prod":false,"is_daily":false,"chose_seed":false,"campfire_upgraded":4,"win_rate":0,"timestamp":1715175050,"path_taken":["M","$","?","?","M","R","E","R","T","M","M","R","M","M","R","BOSS","M","?","?","?","?","R","E","?"],"build_version":"2022-12-18","purchased_purges":1,"victory":false,"max_hp_per_floor":[80,80,80,80,80,80,80,80,80,80,80,80,80,80,80,80,80,80,80,80,80,87,87,87,87],"card_choices":[{"not_picked":["Havoc","Searing Blow"],"picked":"Rampage","floor":1.0},{"not_picked":["True Grit","Twin Strike"],"picked":"Pommel Strike","floor":3.0},{"not_picked":["Headbutt","Sword Boomerang","Disarm"],"picked":"SKIP","floor":5.0},{"not_picked":["Ghostly Armor","Perfected Strike"],"picked":"Power Through","floor":7.0},{"not_picked":["Havoc","Seeing Red"],"picked":"Barricade","floor":10.0},{"not_picked":["Inflame","Perfected Strike"],"picked":"Anger","floor":11.0},{"not_picked":["Headbutt","Twin Strike"],"picked":"Sentinel","floor":13.0},{"not_picked":["Body Slam","Disarm"],"picked":"Havoc","floor":14.0},{"not_picked":["Demon Form","Berserk"],"picked":"Immolate","floor":16.0},{"not_picked":["Wild Strike","Heavy Blade","Feel No Pain+1"],"picked":"SKIP","floor":18.0},{"not_picked":["Disarm+1","Exhume"],"picked":"Entrench+1","floor":24}],"player_experience":214911,"relics_obtained":[{"floor":7.0,"key":"PreservedInsect"},{"floor":9.0,"key":"Boot"},{"floor":22.0,"key":"Strawberry"},{"floor":24,"key":"War Paint"}],"event_choices":[{"damage_healed":0.0,"max_hp_gain":0.0,"max_hp_loss":0.0,"gold_gain":0.0,"event_name":"The Mausoleum","player_choice":"Opened","floor":19.0,"gold_loss":0.0,"damage_taken":0.0,"relics_obtained":["Bronze Scales"]},{"damage_healed":0.0,"max_hp_gain":0.0,"max_hp_loss":0.0,"gold_gain":0.0,"event_name":"Drug Dealer","player_choice":"Obtain J.A.X.","floor":20.0,"gold_loss":0.0,"damage_taken":0.0,"cards_obtained":["J.A.X."]},{"damage_healed":0.0,"max_hp_gain":0.0,"max_hp_loss":0.0,"gold_gain":0.0,"event_name":"The Library","player_choice":"Read","floor":21.0,"gold_loss":0.0,"damage_taken":0.0,"cards_obtained":["Whirlwind"]}],"is_beta":false,"boss_relics":[{"not_picked":["Fusion Hammer","Tiny House"],"picked":"Pandora\u0027s Box"}],"items_purged_floors":[2],"is_endless":false,"potions_floor_spawned":[1,3,5,7,10,11,13,14,16,18,24],"killed_by":"Shell Parasite","ascension_level":3}