{"gold_per_floor":[118,138,313,388,118,144,155,155,155,165,177,27,58,58,58,162,162,177,137,150,71,88,115,115,146,146,174,174,174,204,216,216,313,313,323,336,349,399,410,445,445,479,533,566,583,603,622,84,84,84,84,84,7,34,34],"floor_reached":55,"playtime":6698,"items_purged":["Doubt","Defend_R"],"score":1067,"play_id":"1a220f48-6078-42aa-9b8e-b9f67a6f4f7e","local_time":"20240506214509","is_ascension_mode":true,"campfire_choices":[{"data":"Trip","floor":8,"key":"SMITH"},{"data":"Immolate","floor":15,"key":"SMITH"},{"data":"Double Tap","floor":24,"key":"SMITH"},{"data":"1","floor":32,"key":"LIFT"},{"data":"2","floor":41,"key":"LIFT"},{"floor":49,"key":"RECALL"},{"data":"Whirlwind","floor":52,"key":"SMITH"}],"neow_cost":"NONE","seed_source_timestamp":35188878285200,"circlet_count":0,"master_deck":["Strike_R","Strike_R","Strike_R","Strike_R","Defend_R","Defend_R","Defend_R+1","Bash","Trip+1","Pommel Strike","Warcry","Heavy Blade","Carnage","Spot Weakness","Inflame+1","Pummel","Immolate+1","Flex","Double Tap+1","Dropkick","Evolve","Headbutt+1","Feed","Hemokinesis","Impervious","Armaments","Whirlwind+1","Shrug It Off+1","Limit Break","Infernal Blade+1","Demon Form","Flame Barrier+1","Immolate+1","Offering"],"relics":["Burning Blood","Sling","Kunai","HornCleat","Anchor","Coffee Dripper","Omamori","Girya","Ancient Tea Set","Toy Ornithopter","Necronomicon","Meat on the Bone","Cursed Key","Pocketwatch","Lantern","Vajra","Letter Opener","Bag of Marbles","Bag of Preparation","DollysMirror","Happy Flower"],"potions_floor_usage":[6,13,23,25,27,27,33,33,39,44,50,55,55,55],"damage_taken":[{"damage":0,"enemies":"Cultist","floor":1,"turns":4},{"damage":2,"enemies":"Jaw Worm","floor":2,"turns":3},{"damage":0,"enemies":"Gremlin Nob","floor":6,"turns":2},{"damage":0,"enemies":"2 Louse","floor":7,"turns":2},{"damage":14,"enemies":"Exordium Thugs","floor":10,"turns":3},{"damage":0,"enemies":"3 Louse","floor":11,"turns":3},{"damage":1,"enemies":"3 Sentries","floor":13,"turns":4},{"damage":44,"enemies":"Hexaghost","floor":16,"turns":6},{"damage":0,"enemies":"Chosen","floor":18,"turns":3},{"damage":0,"enemies":"3 Byrds","floor":20,"turns":2},{"damage":9,"enemies":"Snake Plant","floor":22,"turns":3},{"damage":0,"enemies":"Slavers","floor":23,"turns":3},{"damage":13,"enemies":"Gremlin Leader","floor":25,"turns":3},{"damage":0,"enemies":"Book of Stabbing","floor":27,"turns":3},{"damage":0,"enemies":"Gremlin Leader","floor":30,"turns":2},{"damage":10,"enemies":"Shelled Parasite and Fungi","floor":31,"turns":2},{"damage":8,"enemies":"Collector","floor":33,"turns":4},{"damage":0,"enemies":"3 Darklings","floor":35,"turns":3},{"damage":1,"enemies":"Orb Walker","floor":36,"turns":2},{"damage":0,"enemies":"Sphere and 2 Shapes","floor":37,"turns":1},{"damage":20,"enemies":"2 Orb Walkers","floor":38,"turns":4},{"damage":13,"enemies":"Transient","floor":39,"turns":5},{"damage":4,"enemies":"Reptomancer","floor":40,"turns":4},{"damage":13,"enemies":"Giant Head","floor":42,"turns":5},{"damage":3,"enemies":"Reptomancer","floor":44,"turns":2},{"damage":10,"enemies":"3 Darklings","floor":45,"turns":3},{"damage":0,"enemies":"Spire Growth","floor":46,"turns":2},{"damage":21,"enemies":"Writhing Mass","floor":47,"turns":3},{"damage":38,"enemies":"Time Eater","floor":50,"turns":4},{"damage":2,"enemies":"Shield and Spear","floor":54,"turns":3},{"damage":102,"enemies":"The Heart","floor":55,"turns":5}],"seed_played":"-6696389693386411749","potions_obtained":[{"floor":1,"key":"AttackPotion"},{"floor":6,"key":"Swift Potion"},{"floor":10,"key":"BlessingOfTheForge"},{"floor":19,"key":"GamblersBrew"},{"floor":19,"key":"FearPotion"},{"floor":22,"key":"AttackPotion"},{"floor":25,"key":"Block Potion"},{"floor":27,"key":"Strength Potion"},{"floor":30,"key":"AttackPotion"},{"floor":36,"key":"Weak Potion"},{"floor":39,"key":"ElixirPotion"},{"floor":42,"key":"DistilledChaos"},{"floor":44,"key":"Dexterity Potion"},{"floor":45,"key":"LiquidMemories"}],"is_trial":false,"path_per_floor":["M","M","?","?","$","E","M","R","T","M","M","$","E","?","R","B",null,"M","?","M","$","M","E","R","E","T","E","?","?","E","M","R","B",null,"M","M","M","?","M","E","R","E","T","E","M","M","M","$","R","B",null,"R","$","E","B"],"character_chosen":"IRONCLAD","items_purchased":["Sling","Heavy Blade","Immolate","Evolve","Bag of Marbles","Bag of Preparation","DollysMirror","LiquidBronze"],"campfire_rested":0,"item_purchase_floors":[5,5,12,21,48,48,48,53],"current_hp_per_floor":[80,80,80,69,69,75,80,80,80,72,78,78,80,64,64,26,80,80,80,80,80,77,80,80,73,73,79,63,63,69,65,65,73,80,80,80,80,66,64,66,66,62,62,74,70,76,61,61,61,46,87,87,87,90,0],"gold":34,"neow_bonus":"RANDOM_COLORLESS","is_prod":false,"is_daily":false,"chose_seed":false,"campfire_upgraded":4,"win_rate":0,"timestamp":1715003109,"path_taken":["M","?","?","?","$","E","M","R","T","?","M","$","E","?","R","BOSS","M","?","?","$","?","E","R","E","T","E","?","?","E","M","R","BOSS","M","M","?","?","M","E","R","E","T","E","M","M","M","$","R","BOSS","R","$","E","BOSS"],"build_version":"2022-12-18","purchased_purges":2,"victory":false,"max_hp_per_floor":[80,80,80,80,80,80,80,80,80,80,80,80,80,80,80,80,80,80,80,80,80,80,80,80,80,80,80,80,80,80,80,80,80,80,80,80,80,80,80,80,80,83,83,87,87,87,87,87,87,87,87,87,87,90,90],"card_choices":[{"not_picked":["Finesse","Swift Strike"],"picked":"Trip","floor":0},{"not_picked":["Havoc","Thunderclap"],"picked":"Pommel Strike","floor":1},{"not_picked":["Clothesline","Pommel Strike"],"picked":"Warcry","floor":2},{"not_picked":["Metallicize","Perfected Strike"],"picked":"Carnage","floor":6},{"not_picked":["Rampage","Entrench"],"picked":"Spot Weakness","floor":7},{"not_picked":["Iron Wave","Whirlwind"],"picked":"Inflame","floor":10},{"not_picked":["Juggernaut","Metallicize"],"picked":"Pummel","floor":11},{"not_picked":["True Grit","Anger"],"picked":"Flex","floor":13},{"not_picked":["Exhume","Impervious"],"picked":"Double Tap","floor":16},{"not_picked":["Heavy Blade","Headbutt"],"picked":"Dropkick","floor":18},{"not_picked":["Flex","Fiend Fire","Armaments"],"picked":"SKIP","floor":20},{"not_picked":["Pommel Strike","Evolve"],"picked":"Headbutt+1","floor":22},{"not_picked":["Clash","Havoc"],"picked":"Feed","floor":23},{"not_picked":["Headbutt","Spot Weakness+1"],"picked":"Hemokinesis","floor":25},{"not_picked":["Anger","Iron Wave"],"picked":"Impervious","floor":27},{"not_picked":["Twin Strike","Anger"],"picked":"Whirlwind","floor":30},{"not_picked":["Hemokinesis","Heavy Blade+1"],"picked":"Shrug It Off+1","floor":31},{"not_picked":["Feed","Bludgeon"],"picked":"Limit Break","floor":33},{"not_picked":["Clothesline+1","Entrench","Clash"],"picked":"SKIP","floor":35},{"not_picked":["Perfected Strike","Metallicize"],"picked":"Infernal Blade+1","floor":36},{"not_picked":["Havoc","Armaments","Twin Strike+1"],"picked":"SKIP","floor":37},{"not_picked":["Hemokinesis+1","Anger","Headbutt+1"],"picked":"SKIP","floor":39},{"not_picked":["Sentinel","Infernal Blade+1","Rampage"],"picked":"SKIP","floor":40},{"not_picked":["True Grit+1","Headbutt"],"picked":"Demon Form","floor":42},{"not_picked":["Clothesline","Iron Wave+1","Armaments+1"],"picked":"SKIP","floor":44},{"not_picked":["Shrug It Off+1","Body Slam+1"],"picked":"Flame Barrier+1","floor":45},{"not_picked":["Headbutt","Sever Soul","Double Tap"],"picked":"SKIP","floor":46},{"not_picked":["Armaments+1","Havoc+1","Headbutt+1"],"picked":"SKIP","floor":47},{"not_picked":["Reckless Charge","Heavy Blade"],"picked":"Offering","floor":54}],"player_experience":200544,"relics_obtained":[{"floor":6,"key":"Kunai"},{"floor":9,"key":"HornCleat"},{"floor":13,"key":"Anchor"},{"floor":23,"key":"Omamori"},{"floor":25,"key":"Girya"},{"floor":26,"key":"Ancient Tea Set"},{"floor":27,"key":"Toy Ornithopter"},{"floor":28,"key":"Necronomicon"},{"floor":30,"key":"Meat on the Bone"},{"floor":38,"key":"Pocketwatch"},{"floor":40,"key":"Lantern"},{"floor":42,"key":"Vajra"},{"floor":44,"key":"Letter Opener"},{"floor":54,"key":"Happy Flower"}],"event_choices":[{"damage_healed":0,"gold_gain":175,"player_choice":"AGREE","damage_taken":0,"max_hp_gain":0,"max_hp_loss":0,"event_name":"Liars Game","floor":3,"gold_loss":0,"cards_obtained":["Doubt"]},{"damage_healed":0,"gold_gain":75,"player_choice":"Gather Gold","damage_taken":11,"max_hp_gain":0,"max_hp_loss":0,"event_name":"World of Goop","floor":4,"gold_loss":0},{"damage_healed":0,"gold_gain":0,"player_choice":"Entered Light","damage_taken":16,"max_hp_gain":0,"max_hp_loss":0,"event_name":"Shining Light","floor":14,"gold_loss":0,"cards_upgraded":["Inflame","Defend_R"]},{"damage_healed":0,"gold_gain":0,"player_choice":"Bought 3 Potions","damage_taken":0,"max_hp_gain":0,"max_hp_loss":0,"event_name":"The Woman in Blue","floor":19,"gold_loss":0},{"damage_healed":0,"gold_gain":0,"player_choice":"Obtained Book","damage_taken":16,"max_hp_gain":0,"max_hp_loss":0,"event_name":"Cursed Tome","floor":28,"gold_loss":0},{"damage_healed":0,"gold_gain":0,"cards_transformed":["Strike_R"],"player_choice":"Transformed","damage_taken":0,"max_hp_gain":0,"max_hp_loss":0,"event_name":"Transmorgrifier","floor":29,"gold_loss":0,"cards_obtained":["Armaments"]},{"damage_healed":0,"gold_gain":0,"player_choice":"Fight","damage_taken":0,"max_hp_gain":0,"max_hp_loss":0,"event_name":"Mysterious Sphere","floor":38,"gold_loss":0}],"is_beta":false,"boss_relics":[{"not_picked":["Black Star","SlaversCollar"],"picked":"Coffee Dripper"},{"not_picked":["Fusion Hammer","SacredBark"],"picked":"Cursed Key"}],"items_purged_floors":[5,48],"is_endless":false,"potions_floor_spawned":[1,6,10,20,22,25,27,30,36,39,42,44,45],"killed_by":"The Heart","ascension_level":2}