{"gold_per_floor":[109,59,134,134,33,64,19,19,19,38,38,38,47,68,68,182,182,194,194,194,119,151,151,192,213,213,236,254,284,294,322,322,435,435,449,467,517,120,177,177,206,206,215,249,263,263,263,278,278,278],"floor_reached":51,"playtime":2295,"items_purged":["Strike_R","Defend_R"],"score":979,"play_id":"da322ef7-156a-4f04-9a1b-470fb7792cee","local_time":"20240510135421","is_ascension_mode":true,"campfire_choices":[{"data":"Armaments","floor":8.0,"key":"SMITH"},{"data":"Pommel Strike","floor":11.0,"key":"SMITH"},{"floor":15.0,"key":"RECALL"},{"data":"Double Tap","floor":23.0,"key":"SMITH"},{"data":"Shockwave","floor":32,"key":"SMITH"},{"floor":40,"key":"DIG"},{"floor":42,"key":"DIG"},{"floor":46,"key":"DIG"},{"floor":49,"key":"DIG"}],"neow_cost":"NONE","seed_source_timestamp":76917670412400,"circlet_count":0,"master_deck":["Strike_R","Defend_R","Bash","Havoc","Anger","Shrug It Off","Armaments+1","Pommel Strike+1","Reckless Charge","Body Slam","Double Tap+1","Immolate","Shockwave+1","Burning Pact","Barricade+1","Madness","Madness","Fire Breathing+1","Pain","Warcry+1"],"special_seed":0,"relics":["Burning Blood","Matryoshka","Toy Ornithopter","White Beast Statue","CeramicFish","Letter Opener","Coffee Dripper","Gremlin Horn","StoneCalendar","Red Mask","Prayer Wheel","Ornamental Fan","Bag of Preparation","StrikeDummy","Cursed Key","Lizard Tail","Unceasing Top","Shovel","Toxic Egg 2","Darkstone Periapt","Incense Burner","Blue Candle","Singing Bowl","Paper Frog","Bag of Marbles"],"potions_floor_usage":[33,39],"damage_taken":[{"damage":4.0,"enemies":"Small Slimes","floor":1.0,"turns":5.0},{"damage":18.0,"enemies":"Gremlin Nob","floor":6.0,"turns":4.0},{"damage":0.0,"enemies":"2 Louse","floor":10.0,"turns":2.0},{"damage":0.0,"enemies":"Jaw Worm","floor":14.0,"turns":2.0},{"damage":65.0,"enemies":"Hexaghost","floor":16.0,"turns":10.0},{"damage":2.0,"enemies":"Shell Parasite","floor":18.0,"turns":3.0},{"damage":18.0,"enemies":"Masked Bandits","floor":22.0,"turns":3.0},{"damage":13.0,"enemies":"Slavers","floor":24.0,"turns":6.0},{"damage":0.0,"enemies":"2 Thieves","floor":25.0,"turns":1.0},{"damage":10.0,"enemies":"Shelled Parasite and Fungi","floor":28.0,"turns":3.0},{"damage":0.0,"enemies":"Gremlin Leader","floor":29.0,"turns":3.0},{"damage":0.0,"enemies":"Centurion and Healer","floor":30.0,"turns":1.0},{"damage":14,"enemies":"Snake Plant","floor":31,"turns":2},{"damage":38,"enemies":"Collector","floor":33,"turns":4},{"damage":0,"enemies":"Orb Walker","floor":35,"turns":2},{"damage":0,"enemies":"Mind Bloom Boss Battle","floor":37,"turns":3},{"damage":18,"enemies":"2 Orb Walkers","floor":39,"turns":4},{"damage":17,"enemies":"Nemesis","floor":41,"turns":5},{"damage":33,"enemies":"Giant Head","floor":44,"turns":7},{"damage":1,"enemies":"3 Darklings","floor":45,"turns":1},{"damage":1,"enemies":"Maw","floor":48,"turns":5},{"damage":44,"enemies":"Donu and Deca","floor":50,"turns":6}],"seed_played":"-2537147207806850828","potions_obtained":[{"floor":10.0,"key":"LiquidMemories"},{"floor":14.0,"key":"Block Potion"},{"floor":16.0,"key":"BlessingOfTheForge"},{"floor":18.0,"key":"Energy Potion"},{"floor":22.0,"key":"SmokeBomb"},{"floor":24.0,"key":"Swift Potion"},{"floor":25.0,"key":"FairyPotion"},{"floor":29.0,"key":"CultistPotion"},{"floor":33,"key":"FearPotion"},{"floor":39,"key":"Energy Potion"}],"is_trial":false,"path_per_floor":["M","?","?","?","$","E","$","R","T","M","R","T","?","M","R","B",null,"M","T","T","?","?","R","E","M","T","T","M","E","M","M","R","B",null,"M","?","?","$","?","R","E","R","T","E","M","R","?","M","R","B",null],"character_chosen":"IRONCLAD","items_purchased":["Shrug It Off","Armaments","Unceasing Top"],"campfire_rested":0,"item_purchase_floors":[5,7,38],"current_hp_per_floor":[80,80,69,69,69,57,57,57,57,63,63,63,63,69,69,20,80,80,80,80,80,68,68,61,72,72,72,68,74,80,72,72,45,80,80,70,76,76,68,68,57,57,63,36,45,45,45,54,54,16],"gold":278,"neow_bonus":"TRANSFORM_CARD","is_prod":false,"is_daily":false,"chose_seed":false,"campfire_upgraded":4,"win_rate":0,"timestamp":1715320461,"path_taken":["M","?","?","?","$","E","?","R","T","M","R","?","?","M","R","BOSS","M","?","?","?","?","R","E","M","T","?","?","E","?","M","R","BOSS","M","?","?","$","?","R","E","R","T","E","M","R","?","?","R","BOSS"],"build_version":"2022-12-18","purchased_purges":2,"victory":true,"max_hp_per_floor":[80,80,80,80,80,80,80,80,80,80,80,80,80,80,80,80,80,80,80,80,80,80,80,80,80,80,80,80,80,80,80,80,80,80,80,80,80,80,80,80,80,80,86,86,90,90,90,94,94,94],"card_choices":[{"not_picked":["Sword Boomerang","Warcry"],"picked":"Anger","floor":1.0},{"not_picked":["Perfected Strike","Anger","Pummel"],"picked":"SKIP","floor":6.0},{"not_picked":["Searing Blow","True Grit"],"picked":"Pommel Strike","floor":10.0},{"not_picked":["Iron Wave","Perfected Strike"],"picked":"Body Slam","floor":14.0},{"not_picked":["Immolate","Berserk"],"picked":"Double Tap","floor":16.0},{"not_picked":["Iron Wave+1","Rampage","Anger"],"picked":"SKIP","floor":18.0},{"not_picked":["Seeing Red","Hemokinesis"],"picked":"Immolate","floor":24.0},{"not_picked":["Seeing Red","Clash"],"picked":"Shockwave","floor":25.0},{"not_picked":["Anger","Perfected Strike","Sword Boomerang"],"picked":"SKIP","floor":25.0},{"not_picked":["Iron Wave","Anger","Body Slam"],"picked":"SKIP","floor":28.0},{"not_picked":["Bludgeon","Infernal Blade","Combust+1"],"picked":"SKIP","floor":28.0},{"not_picked":["Power Through","Pommel Strike+1","Spot Weakness"],"picked":"SKIP","floor":29.0},{"not_picked":["Anger","Battle Trance","Disarm"],"picked":"SKIP","floor":30.0},{"not_picked":["Perfected Strike","Dropkick+1","Sever Soul"],"picked":"SKIP","floor":30.0},{"not_picked":["Spot Weakness","Clothesline"],"picked":"Burning Pact","floor":31},{"not_picked":["Body Slam","Heavy Blade+1","Thunderclap+1"],"picked":"SKIP","floor":31},{"not_picked":["Impervious","Juggernaut"],"picked":"Barricade","floor":33},{"not_picked":["Hemokinesis","Thunderclap+1","Seeing Red+1"],"picked":"SKIP","floor":35},{"not_picked":["Blood for Blood+1","Dropkick","Uppercut+1"],"picked":"SKIP","floor":35},{"not_picked":["Havoc","Rampage"],"picked":"Fire Breathing+1","floor":39},{"not_picked":["Cleave","Dropkick","Rampage+1"],"picked":"SKIP","floor":41},{"not_picked":["Dual Wield+1","Headbutt"],"picked":"Warcry+1","floor":44},{"not_picked":["Anger+1","Sword Boomerang+1","True Grit+1"],"picked":"Singing Bowl","floor":45},{"not_picked":["Warcry+1","Pommel Strike+1","Reaper"],"picked":"Singing Bowl","floor":45},{"not_picked":["Headbutt","Body Slam+1","Shrug It Off+1"],"picked":"Singing Bowl","floor":48},{"not_picked":["Searing Blow","Body Slam+1","Clash"],"picked":"Singing Bowl","floor":48}],"player_experience":236812,"relics_obtained":[{"floor":6.0,"key":"Matryoshka"},{"floor":9.0,"key":"Toy Ornithopter"},{"floor":9.0,"key":"White Beast Statue"},{"floor":12.0,"key":"CeramicFish"},{"floor":12.0,"key":"Letter Opener"},{"floor":19.0,"key":"Gremlin Horn"},{"floor":20.0,"key":"StoneCalendar"},{"floor":22.0,"key":"Red Mask"},{"floor":24.0,"key":"Prayer Wheel"},{"floor":26.0,"key":"Ornamental Fan"},{"floor":27.0,"key":"Bag of Preparation"},{"floor":29.0,"key":"StrikeDummy"},{"floor":37,"key":"Lizard Tail"},{"floor":39,"key":"Shovel"},{"floor":40,"key":"Toxic Egg 2"},{"floor":41,"key":"Darkstone Periapt"},{"floor":42,"key":"Incense Burner"},{"floor":43,"key":"Blue Candle"},{"floor":44,"key":"Singing Bowl"},{"floor":46,"key":"Paper Frog"},{"floor":49,"key":"Bag of Marbles"}],"event_choices":[{"cards_removed":["Strike_R"],"damage_healed":0.0,"max_hp_gain":0.0,"max_hp_loss":0.0,"gold_gain":0.0,"event_name":"The Cleric","player_choice":"Card Removal","floor":2.0,"gold_loss":50.0,"damage_taken":0.0},{"damage_healed":0.0,"max_hp_gain":0.0,"max_hp_loss":0.0,"gold_gain":75.0,"event_name":"World of Goop","player_choice":"Gather Gold","floor":3.0,"gold_loss":0.0,"damage_taken":11.0},{"cards_removed":["Defend_R"],"damage_healed":0.0,"max_hp_gain":0.0,"max_hp_loss":0.0,"gold_gain":0.0,"event_name":"Living Wall","player_choice":"Forget","floor":4.0,"gold_loss":0.0,"damage_taken":0.0},{"damage_healed":0.0,"max_hp_gain":0.0,"max_hp_loss":0.0,"gold_gain":0.0,"cards_transformed":["Strike_R"],"event_name":"Transmorgrifier","player_choice":"Transformed","floor":13.0,"gold_loss":0.0,"damage_taken":0.0,"cards_obtained":["Reckless Charge"]},{"cards_removed":["Strike_R"],"damage_healed":0.0,"max_hp_gain":0.0,"max_hp_loss":0.0,"gold_gain":0.0,"event_name":"Beggar","player_choice":"Gave Gold","floor":21.0,"gold_loss":75.0,"damage_taken":0.0},{"damage_healed":0.0,"max_hp_gain":0.0,"max_hp_loss":0.0,"gold_gain":0.0,"event_name":"Masked Bandits","player_choice":"Fought Bandits","floor":22.0,"gold_loss":0.0,"damage_taken":0.0},{"damage_healed":0,"gold_gain":0,"player_choice":"Embrace Madness","damage_taken":10,"max_hp_gain":0,"max_hp_loss":0,"event_name":"Winding Halls","floor":36,"gold_loss":0,"cards_obtained":["Madness","Madness"]},{"damage_healed":0,"gold_gain":0,"player_choice":"Fight","damage_taken":0,"max_hp_gain":0,"max_hp_loss":0,"event_name":"MindBloom","floor":37,"gold_loss":0},{"damage_healed":0,"gold_gain":0,"player_choice":"Fight","damage_taken":0,"max_hp_gain":0,"max_hp_loss":0,"event_name":"Mysterious Sphere","floor":39,"gold_loss":0},{"damage_healed":0,"gold_gain":0,"player_choice":"Upgraded","damage_taken":0,"max_hp_gain":0,"max_hp_loss":0,"event_name":"Upgrade Shrine","floor":47,"gold_loss":0,"cards_upgraded":["Barricade"]}],"is_beta":false,"boss_relics":[{"not_picked":["Ectoplasm","Fusion Hammer"],"picked":"Coffee Dripper"},{"not_picked":["Busted Crown","Velvet Choker"],"picked":"Cursed Key"}],"items_purged_floors":[5,38],"is_endless":false,"potions_floor_spawned":[10,14,16,18,22,24,25,28,29,30,31,33,35,37,39,41,44,45,48],"ascension_level":4}