{"gold_per_floor":[117,117,130,146,71,106,106,116,116,116,129,129,29,49,49,152,152,172,188,200,200,211,211,211,211,211,211,57,90,90,103,103,204,204,218,218,218,269,285,315,46,46],"floor_reached":42,"playtime":4351,"items_purged":["Strike_G","Defend_G","Defend_G"],"score":572,"play_id":"d117270a-237c-4097-b03c-8375cee3f3a8","local_time":"20240501170312","is_ascension_mode":true,"campfire_choices":[{"floor":7,"key":"RECALL"},{"data":"Bouncing Flask","floor":10,"key":"SMITH"},{"data":"Catalyst","floor":15,"key":"SMITH"},{"data":"Burst","floor":23,"key":"SMITH"},{"data":"Burst","floor":25,"key":"SMITH"},{"data":"Bullet Time","floor":27,"key":"SMITH"},{"data":"Acrobatics","floor":32,"key":"SMITH"}],"neow_cost":"NONE","seed_source_timestamp":183919944276600,"circlet_count":0,"master_deck":["Defend_G","Defend_G","Survivor","Neutralize","Bouncing Flask+1","Poisoned Stab","Poisoned Stab","Acrobatics+1","Catalyst+1","Noxious Fumes","After Image","Bullet Time+1","Acrobatics","Burst+1","Noxious Fumes","Burst+1","Tools of the Trade","Bite","Bite","Bite","Bite","Burst","Deadly Poison+1","Madness","Madness","Prepared","Deadly Poison"],"relics":["Ring of the Serpent","NeowsBlessing","FaceOfCleric","HornCleat","Darkstone Periapt","Coffee Dripper","Enchiridion","Matryoshka","Medical Kit","Kunai","Ginger","Regal Pillow","PreservedInsect"],"potions_floor_usage":[6,14,16,20,29,29,35],"damage_taken":[{"damage":0,"enemies":"Cultist","floor":1,"turns":1},{"damage":0,"enemies":"2 Louse","floor":3,"turns":1},{"damage":0,"enemies":"Small Slimes","floor":4,"turns":1},{"damage":26,"enemies":"Lagavulin","floor":6,"turns":5},{"damage":0,"enemies":"3 Louse","floor":8,"turns":4},{"damage":0,"enemies":"2 Fungi Beasts","floor":11,"turns":3},{"damage":0,"enemies":"Exordium Wildlife","floor":14,"turns":3},{"damage":18,"enemies":"Slime Boss","floor":16,"turns":8},{"damage":0,"enemies":"Spheric Guardian","floor":18,"turns":2},{"damage":0,"enemies":"Chosen","floor":19,"turns":4},{"damage":7,"enemies":"Shelled Parasite and Fungi","floor":20,"turns":4},{"damage":13,"enemies":"Centurion and Healer","floor":22,"turns":5},{"damage":21,"enemies":"Slavers","floor":29,"turns":5},{"damage":0,"enemies":"3 Cultists","floor":31,"turns":3},{"damage":0,"enemies":"Champ","floor":33,"turns":4},{"damage":13,"enemies":"3 Darklings","floor":35,"turns":6},{"damage":38,"enemies":"2 Orb Walkers","floor":38,"turns":6},{"damage":0,"enemies":"Orb Walker","floor":39,"turns":3},{"damage":9,"enemies":"Giant Head","floor":40,"turns":5},{"damage":53,"enemies":"Reptomancer","floor":42,"turns":4}],"seed_played":"-6057713115778638788","potions_obtained":[{"floor":3,"key":"Explosive Potion"},{"floor":4,"key":"SpeedPotion"},{"floor":11,"key":"CunningPotion"},{"floor":14,"key":"SteroidPotion"},{"floor":19,"key":"Poison Potion"},{"floor":22,"key":"Explosive Potion"},{"floor":33,"key":"DuplicationPotion"},{"floor":40,"key":"FairyPotion"}],"is_trial":false,"path_per_floor":["M","?","M","M","$","E","R","M","T","R","M","?","$","M","R","B",null,"M","M","M","?","M","R","?","R","T","R","$","E","?","M","R","B",null,"M","?","?","?","M","E","$","E"],"character_chosen":"THE_SILENT","items_purchased":["Medical Kit","PreservedInsect"],"campfire_rested":0,"item_purchase_floors":[28,41],"current_hp_per_floor":[70,70,71,72,72,47,47,48,48,48,49,49,49,50,50,33,77,78,79,73,57,45,45,45,45,45,45,45,25,25,30,30,37,59,53,53,45,16,19,17,17,0],"gold":46,"neow_bonus":"THREE_ENEMY_KILL","is_prod":false,"is_daily":false,"chose_seed":false,"campfire_upgraded":6,"win_rate":0,"timestamp":1714554192,"path_taken":["M","?","M","?","$","E","R","M","T","R","M","?","?","M","R","BOSS","M","M","M","?","M","R","?","R","T","R","$","E","?","M","R","BOSS","M","?","?","?","M","E","$","E"],"build_version":"2022-12-18","purchased_purges":3,"victory":false,"max_hp_per_floor":[70,70,71,72,72,73,73,74,74,74,75,75,75,76,76,77,77,78,79,80,80,81,81,81,81,81,81,81,82,57,58,58,59,59,60,60,60,61,62,63,63,63],"card_choices":[{"not_picked":["PiercingWail","Slice"],"picked":"Bouncing Flask","floor":1},{"not_picked":["PiercingWail","Quick Slash"],"picked":"Poisoned Stab","floor":3},{"not_picked":["Deflect","Tactician","PiercingWail"],"picked":"SKIP","floor":4},{"not_picked":["Deflect","Predator"],"picked":"Poisoned Stab","floor":6},{"not_picked":["Riddle With Holes","PiercingWail"],"picked":"Acrobatics","floor":8},{"not_picked":["Skewer","Deflect"],"picked":"Catalyst","floor":11},{"not_picked":["PiercingWail","Reflex"],"picked":"After Image","floor":14},{"not_picked":["Unload","Wraith Form v2"],"picked":"Bullet Time","floor":16},{"not_picked":["Flying Knee","Dodge and Roll","Dash"],"picked":"SKIP","floor":18},{"not_picked":["Underhanded Strike","PiercingWail"],"picked":"Acrobatics","floor":19},{"not_picked":["Dagger Spray+1","Sucker Punch"],"picked":"Burst","floor":20},{"not_picked":["Riddle With Holes+1","Dagger Throw"],"picked":"Noxious Fumes","floor":22},{"not_picked":["Acrobatics","Outmaneuver","Choke"],"picked":"SKIP","floor":29},{"not_picked":["Dagger Throw","Outmaneuver","Caltrops"],"picked":"SKIP","floor":31},{"not_picked":["Bullet Time","Malaise"],"picked":"Burst","floor":33},{"not_picked":["Deflect+1","Blade Dance"],"picked":"Deadly Poison+1","floor":35},{"not_picked":["Blade Dance+1","Noxious Fumes"],"picked":"Prepared","floor":39},{"not_picked":["Choke+1","Flying Knee+1"],"picked":"Deadly Poison","floor":40}],"player_experience":86333,"relics_obtained":[{"floor":6,"key":"HornCleat"},{"floor":9,"key":"Darkstone Periapt"},{"floor":21,"key":"Enchiridion"},{"floor":26,"key":"Matryoshka"},{"floor":29,"key":"Kunai"},{"floor":38,"key":"Ginger"},{"floor":40,"key":"Regal Pillow"}],"event_choices":[{"damage_healed":0,"gold_gain":0,"player_choice":"Trade","damage_taken":0,"relics_obtained":["FaceOfCleric"],"max_hp_gain":0,"max_hp_loss":0,"event_name":"FaceTrader","floor":2,"gold_loss":0},{"damage_healed":0,"gold_gain":0,"player_choice":"1 cards matched","damage_taken":0,"max_hp_gain":0,"max_hp_loss":0,"event_name":"Match and Keep!","floor":12,"gold_loss":0,"cards_obtained":["Noxious Fumes"]},{"damage_healed":0,"gold_gain":0,"player_choice":"Obtained Book","damage_taken":16,"max_hp_gain":0,"max_hp_loss":0,"event_name":"Cursed Tome","floor":21,"gold_loss":0},{"damage_healed":0,"gold_gain":0,"cards_transformed":["Strike_G","Defend_G"],"player_choice":"Became Test Subject","damage_taken":0,"max_hp_gain":0,"max_hp_loss":0,"event_name":"Drug Dealer","floor":24,"gold_loss":0,"cards_obtained":["Burst","Tools of the Trade"]},{"damage_healed":0,"gold_gain":0,"player_choice":"Became a vampire","damage_taken":0,"max_hp_gain":0,"max_hp_loss":25,"event_name":"Vampires","floor":30,"gold_loss":0,"cards_obtained":["Bite","Bite","Bite","Bite","Bite"]},{"cards_removed":["Bite"],"damage_healed":0,"gold_gain":0,"player_choice":"Removed Attack","damage_taken":0,"max_hp_gain":0,"max_hp_loss":0,"event_name":"Falling","floor":36,"gold_loss":0},{"damage_healed":0,"gold_gain":0,"player_choice":"Embrace Madness","damage_taken":8,"max_hp_gain":0,"max_hp_loss":0,"event_name":"Winding Halls","floor":37,"gold_loss":0,"cards_obtained":["Madness","Madness"]},{"damage_healed":0,"gold_gain":0,"player_choice":"Fight","damage_taken":0,"max_hp_gain":0,"max_hp_loss":0,"event_name":"Mysterious Sphere","floor":38,"gold_loss":0}],"is_beta":false,"boss_relics":[{"not_picked":["Empty Cage","Cursed Key"],"picked":"Coffee Dripper"},{"not_picked":["Philosopher\u0027s Stone","Calling Bell"],"picked":"Ring of the Serpent"}],"items_purged_floors":[5,13,41],"is_endless":false,"potions_floor_spawned":[3,4,11,14,19,22,33,40],"killed_by":"Reptomancer","ascension_level":1}