{"gold_per_floor":[118,118,118,118,136,170,185,185,257,284,302,315,72,103,103,204,204,222,222,147,72,85,110,110,124,151,182,195,228,244,279,279,376,376,389,74,74,92,109,109,136,136,136,170,187,215,215,115,115,115,115,115,44,70,70],"floor_reached":56,"playtime":9581,"items_purged":["Defend_G","Strike_G"],"score":1490,"play_id":"921a1feb-a792-4ece-9528-ab1945110d57","local_time":"20240502022604","is_ascension_mode":true,"campfire_choices":[{"data":"Crippling Poison","floor":8,"key":"SMITH"},{"data":"Catalyst","floor":15,"key":"SMITH"},{"data":"Corpse Explosion","floor":24,"key":"SMITH"},{"data":"Catalyst","floor":32,"key":"SMITH"},{"data":"Bouncing Flask","floor":40,"key":"SMITH"},{"data":"Strike_G","floor":42,"key":"PURGE"},{"floor":49,"key":"RECALL"},{"data":"Strike_G","floor":52,"key":"PURGE"}],"neow_cost":"NONE","seed_source_timestamp":209359374348700,"circlet_count":0,"master_deck":["Defend_G","Defend_G","Defend_G","Survivor","Neutralize","Noxious Fumes","Leg Sweep","Crippling Poison+1","Catalyst+1","Corpse Explosion+1","Noxious Fumes","Necronomicurse","Catalyst+1","Bouncing Flask+1","Bullet Time+1"],"relics":["Ring of the Snake","Centennial Puzzle","Kunai","Meat on the Bone","Pocketwatch","Sundial","Gremlin Horn","Black Star","Necronomicon","Dream Catcher","InkBottle","PreservedInsect","Boot","Lantern","Oddly Smooth Stone","Anchor","Nunchaku","Philosopher\u0027s Stone","Ice Cream","Peace Pipe","CaptainsWheel","Frozen Egg 2","Bag of Preparation","Bronze Scales","Pen Nib","Snake Skull","Pantograph","Torii","Paper Crane"],"potions_floor_usage":[6,6,10,16,22,27,31,33,44,50,50,55],"damage_taken":[{"damage":2,"enemies":"2 Louse","floor":1,"turns":4},{"damage":2,"enemies":"Jaw Worm","floor":5,"turns":4},{"damage":18,"enemies":"Lagavulin","floor":6,"turns":8},{"damage":1,"enemies":"Cultist","floor":7,"turns":4},{"damage":17,"enemies":"Gremlin Nob","floor":10,"turns":5},{"damage":8,"enemies":"Exordium Thugs","floor":11,"turns":4},{"damage":2,"enemies":"Exordium Wildlife","floor":12,"turns":4},{"damage":7,"enemies":"3 Sentries","floor":14,"turns":7},{"damage":24,"enemies":"Hexaghost","floor":16,"turns":8},{"damage":7,"enemies":"Shell Parasite","floor":18,"turns":5},{"damage":8,"enemies":"2 Thieves","floor":22,"turns":3},{"damage":23,"enemies":"Gremlin Leader","floor":23,"turns":7},{"damage":0,"enemies":"Snecko","floor":25,"turns":4},{"damage":22,"enemies":"Slavers","floor":27,"turns":3},{"damage":9,"enemies":"Snake Plant","floor":28,"turns":4},{"damage":0,"enemies":"Gremlin Leader","floor":29,"turns":4},{"damage":0,"enemies":"3 Cultists","floor":30,"turns":2},{"damage":11,"enemies":"Slavers","floor":31,"turns":3},{"damage":27,"enemies":"Collector","floor":33,"turns":3},{"damage":0,"enemies":"3 Darklings","floor":35,"turns":3},{"damage":3,"enemies":"Orb Walker","floor":38,"turns":2},{"damage":0,"enemies":"4 Shapes","floor":39,"turns":3},{"damage":0,"enemies":"Nemesis","floor":41,"turns":3},{"damage":0,"enemies":"Reptomancer","floor":44,"turns":3},{"damage":0,"enemies":"Sphere and 2 Shapes","floor":45,"turns":4},{"damage":0,"enemies":"Giant Head","floor":46,"turns":3},{"damage":3,"enemies":"Time Eater","floor":50,"turns":3},{"damage":4,"enemies":"Shield and Spear","floor":54,"turns":2},{"damage":38,"enemies":"The Heart","floor":55,"turns":5}],"seed_played":"-5409506456264300587","potions_obtained":[{"floor":1,"key":"CultistPotion"},{"floor":5,"key":"Regen Potion"},{"floor":6,"key":"Strength Potion"},{"floor":10,"key":"SteroidPotion"},{"floor":16,"key":"Block Potion"},{"floor":22,"key":"Swift Potion"},{"floor":25,"key":"Poison Potion"},{"floor":28,"key":"Swift Potion"},{"floor":29,"key":"AttackPotion"},{"floor":31,"key":"GhostInAJar"},{"floor":33,"key":"Explosive Potion"},{"floor":41,"key":"LiquidMemories"}],"is_trial":false,"path_per_floor":["M","?","?","?","M","E","M","R","T","E","M","M","$","E","R","B",null,"M","?","$","?","M","E","R","M","T","E","M","E","M","E","R","B",null,"M","$","?","M","M","R","E","R","T","E","M","E","T","$","R","B",null,"R","$","E","B",null],"character_chosen":"THE_SILENT","items_purchased":["Sundial","Ice Cream","LiquidMemories"],"campfire_rested":0,"item_purchase_floors":[13,36,53],"current_hp_per_floor":[68,68,61,61,59,55,54,54,54,37,41,39,39,44,44,32,70,63,47,47,47,39,28,28,40,40,30,33,45,45,46,46,31,70,70,70,70,67,67,67,67,67,67,67,67,67,67,67,67,67,70,70,70,66,44],"gold":70,"neow_bonus":"REMOVE_CARD","is_prod":false,"is_daily":false,"chose_seed":false,"campfire_upgraded":5,"win_rate":0,"timestamp":1714587964,"path_taken":["M","?","?","?","M","E","M","R","T","E","?","M","$","E","R","BOSS","M","?","$","?","M","E","R","M","T","E","M","E","?","E","R","BOSS","M","$","?","M","M","R","E","R","T","E","?","E","?","?","R","BOSS","R","$","E","BOSS"],"build_version":"2022-12-18","purchased_purges":2,"victory":true,"max_hp_per_floor":[70,70,70,70,70,70,70,70,70,70,70,70,70,70,70,70,70,70,70,70,70,70,70,70,70,70,70,70,70,70,70,70,70,70,70,70,70,70,70,70,70,70,70,70,70,70,70,70,70,70,70,70,70,70,70],"card_choices":[{"not_picked":["Leg Sweep","Dodge and Roll"],"picked":"Noxious Fumes","floor":1},{"not_picked":["Backflip","Skewer"],"picked":"Leg Sweep","floor":5},{"not_picked":["Sucker Punch","Expertise"],"picked":"Crippling Poison","floor":6},{"not_picked":["Acrobatics","Flechettes","Outmaneuver"],"picked":"SKIP","floor":7},{"not_picked":["Accuracy","Deflect","Bane"],"picked":"SKIP","floor":10},{"not_picked":["Dagger Throw","Quick Slash"],"picked":"Catalyst","floor":11},{"not_picked":["Leg Sweep","Bane","Envenom"],"picked":"SKIP","floor":12},{"not_picked":["Reflex","Choke","Poisoned Stab"],"picked":"SKIP","floor":14},{"not_picked":["Wraith Form v2","Bullet Time"],"picked":"Corpse Explosion","floor":16},{"not_picked":["Escape Plan","Acrobatics"],"picked":"Noxious Fumes","floor":18},{"not_picked":["Slice+1","Heel Hook","Deadly Poison"],"picked":"SKIP","floor":22},{"not_picked":["Reflex","Underhanded Strike+1","Cloak And Dagger+1"],"picked":"SKIP","floor":23},{"not_picked":["All Out Attack","Terror","Flying Knee"],"picked":"SKIP","floor":25},{"not_picked":["Backflip","Wraith Form v2","Cloak And Dagger"],"picked":"SKIP","floor":27},{"not_picked":["Underhanded Strike","Prepared"],"picked":"Catalyst","floor":28},{"not_picked":["Terror","Flying Knee","PiercingWail+1"],"picked":"SKIP","floor":29},{"not_picked":["PiercingWail","Acrobatics","Expertise"],"picked":"SKIP","floor":30},{"not_picked":["Endless Agony","Dagger Throw+1"],"picked":"Bouncing Flask","floor":31},{"not_picked":["Envenom","Die Die Die"],"picked":"Bullet Time","floor":33},{"not_picked":["Deadly Poison","Outmaneuver+1","Acrobatics+1"],"picked":"SKIP","floor":35},{"not_picked":["Cloak And Dagger+1","Blade Dance+1","Underhanded Strike+1"],"picked":"SKIP","floor":38},{"not_picked":["Envenom","Terror","Deadly Poison"],"picked":"SKIP","floor":39},{"not_picked":["Choke+1","Quick Slash+1","Poisoned Stab+1"],"picked":"SKIP","floor":41},{"not_picked":["Caltrops+1","Expertise","Blade Dance"],"picked":"SKIP","floor":44},{"not_picked":["Deflect","Dagger Throw","All Out Attack"],"picked":"SKIP","floor":45},{"not_picked":["Dagger Throw+1","Heel Hook","Eviscerate"],"picked":"SKIP","floor":46},{"not_picked":["Quick Slash","Accuracy+1","Poisoned Stab+1"],"picked":"SKIP","floor":54}],"player_experience":94966,"relics_obtained":[{"floor":6,"key":"Kunai"},{"floor":9,"key":"Meat on the Bone"},{"floor":10,"key":"Pocketwatch"},{"floor":14,"key":"Gremlin Horn"},{"floor":19,"key":"Necronomicon"},{"floor":23,"key":"Dream Catcher"},{"floor":23,"key":"InkBottle"},{"floor":27,"key":"PreservedInsect"},{"floor":27,"key":"Boot"},{"floor":29,"key":"Lantern"},{"floor":29,"key":"Oddly Smooth Stone"},{"floor":31,"key":"Anchor"},{"floor":31,"key":"Nunchaku"},{"floor":41,"key":"Peace Pipe"},{"floor":41,"key":"CaptainsWheel"},{"floor":43,"key":"Frozen Egg 2"},{"floor":44,"key":"Bag of Preparation"},{"floor":44,"key":"Bronze Scales"},{"floor":46,"key":"Pen Nib"},{"floor":46,"key":"Snake Skull"},{"floor":47,"key":"Pantograph"},{"floor":54,"key":"Torii"},{"floor":54,"key":"Paper Crane"}],"event_choices":[{"damage_healed":0,"gold_gain":0,"player_choice":"Ignored","damage_taken":0,"max_hp_gain":0,"max_hp_loss":0,"event_name":"Liars Game","floor":2,"gold_loss":0},{"damage_healed":0,"gold_gain":0,"player_choice":"Success","damage_taken":7,"relics_obtained":["Centennial Puzzle"],"max_hp_gain":0,"max_hp_loss":0,"event_name":"Scrap Ooze","floor":3,"gold_loss":0},{"cards_removed":["Strike_G"],"damage_healed":0,"gold_gain":0,"player_choice":"Forget","damage_taken":0,"max_hp_gain":0,"max_hp_loss":0,"event_name":"Living Wall","floor":4,"gold_loss":0},{"damage_healed":0,"gold_gain":0,"player_choice":"Obtained Book","damage_taken":16,"max_hp_gain":0,"max_hp_loss":0,"event_name":"Cursed Tome","floor":19,"gold_loss":0},{"cards_removed":["Strike_G"],"damage_healed":0,"gold_gain":0,"player_choice":"Gave Gold","damage_taken":0,"max_hp_gain":0,"max_hp_loss":0,"event_name":"Beggar","floor":21,"gold_loss":75},{"damage_healed":0,"gold_gain":0,"player_choice":"Upgraded","damage_taken":0,"max_hp_gain":0,"max_hp_loss":0,"event_name":"Upgrade Shrine","floor":37,"gold_loss":0,"cards_upgraded":["Bullet Time"]}],"is_beta":false,"boss_relics":[{"not_picked":["Runic Pyramid","Ring of the Serpent"],"picked":"Black Star"},{"not_picked":["Busted Crown","Velvet Choker"],"picked":"Philosopher\u0027s Stone"}],"items_purged_floors":[20,48],"is_endless":false,"potions_floor_spawned":[1,5,6,10,16,22,25,28,29,31,33,35,41],"ascension_level":1}