{"gold_per_floor":[109,284,284,297,297,329,30,57,83,97,115,131,145,159,159,262,262,276,276,276,276,293,321,335,210,210,210,210,242,242,276,276,377,377,397,129,141,191,241,241,0,12,36,36,52,78,96,110,110,110],"floor_reached":51,"playtime":5732,"items_purged":["Strike_G","Defend_G","Defend_G"],"score":947,"play_id":"35eb5b30-8abc-4651-b316-8e8714e6bdc9","local_time":"20240501153723","is_ascension_mode":false,"campfire_choices":[{"floor":15,"key":"REST"},{"data":"Defend_G","floor":28,"key":"PURGE"},{"data":"Defend_G","floor":30,"key":"PURGE"},{"data":"Defend_G","floor":32,"key":"PURGE"},{"data":"Survivor","floor":40,"key":"PURGE"},{"data":"Parasite","floor":49,"key":"PURGE"}],"neow_cost":"NONE","seed_source_timestamp":177373145446300,"circlet_count":0,"master_deck":["Neutralize+1","Heel Hook+1","Bouncing Flask","Noxious Fumes","Noxious Fumes","Poisoned Stab","Crippling Poison","Expertise","Quick Slash","Night Terror","Ghostly","Ghostly","Ghostly","Ghostly","Ghostly","Deadly Poison","RitualDagger","Bouncing Flask","Poisoned Stab","Bite","Bite+1","Bite","Bite","Bite","Catalyst","Doppelganger","Calculated Gamble+1","Prepared","Acrobatics+1","Night Terror","Tools of the Trade"],"relics":["Velvet Choker","WarpedTongs","Bag of Preparation","PreservedInsect","Orichalcum","Lantern","Empty Cage","Peace Pipe","Gremlin Horn","Whetstone","Dream Catcher","Coffee Dripper","OrangePellets","Tough Bandages","StoneCalendar","Red Mask","Toy Ornithopter","MealTicket"],"potions_floor_usage":[6,12,16,16,22,24,38,42,50],"damage_taken":[{"damage":0,"enemies":"2 Louse","floor":1,"turns":4},{"damage":0,"enemies":"Small Slimes","floor":4,"turns":4},{"damage":31,"enemies":"Gremlin Nob","floor":6,"turns":6},{"damage":10,"enemies":"3 Sentries","floor":8,"turns":6},{"damage":1,"enemies":"Cultist","floor":10,"turns":2},{"damage":3,"enemies":"2 Fungi Beasts","floor":11,"turns":4},{"damage":3,"enemies":"Exordium Thugs","floor":12,"turns":4},{"damage":1,"enemies":"3 Louse","floor":13,"turns":2},{"damage":3,"enemies":"Large Slime","floor":14,"turns":4},{"damage":21,"enemies":"Slime Boss","floor":16,"turns":8},{"damage":0,"enemies":"Chosen","floor":18,"turns":4},{"damage":14,"enemies":"Spheric Guardian","floor":22,"turns":6},{"damage":0,"enemies":"Slavers","floor":23,"turns":4},{"damage":12,"enemies":"Centurion and Healer","floor":24,"turns":7},{"damage":0,"enemies":"Book of Stabbing","floor":29,"turns":5},{"damage":0,"enemies":"Slavers","floor":31,"turns":5},{"damage":0,"enemies":"Collector","floor":33,"turns":4},{"damage":0,"enemies":"3 Shapes","floor":35,"turns":3},{"damage":0,"enemies":"Orb Walker","floor":37,"turns":3},{"damage":0,"enemies":"2 Orb Walkers","floor":38,"turns":6},{"damage":3,"enemies":"Mind Bloom Boss Battle","floor":39,"turns":5},{"damage":0,"enemies":"3 Darklings","floor":42,"turns":5},{"damage":0,"enemies":"Writhing Mass","floor":45,"turns":3},{"damage":0,"enemies":"Giant Head","floor":46,"turns":6},{"damage":0,"enemies":"Sphere and 2 Shapes","floor":47,"turns":3},{"damage":0,"enemies":"Maw","floor":48,"turns":3},{"damage":5,"enemies":"Donu and Deca","floor":50,"turns":5}],"seed_played":"2053968257020896231","potions_obtained":[{"floor":4,"key":"SkillPotion"},{"floor":6,"key":"ColorlessPotion"},{"floor":10,"key":"Ancient Potion"},{"floor":14,"key":"GhostInAJar"},{"floor":16,"key":"Energy Potion"},{"floor":18,"key":"PowerPotion"},{"floor":29,"key":"SteroidPotion"},{"floor":33,"key":"PowerPotion"},{"floor":38,"key":"SkillPotion"},{"floor":45,"key":"CunningPotion"},{"floor":46,"key":"Dexterity Potion"},{"floor":48,"key":"BlessingOfTheForge"}],"is_trial":false,"path_per_floor":["M","?","?","M","?","E","$","E","T","M","M","M","M","M","R","B",null,"M","?","?","?","M","E","M","$","T","?","R","E","R","E","R","B",null,"M","$","M","?","?","R","?","M","T","?","M","E","M","M","R","B",null],"character_chosen":"THE_SILENT","items_purchased":["PreservedInsect","Noxious Fumes","Poisoned Stab","OrangePellets"],"campfire_rested":1,"item_purchase_floors":[7,7,25,36],"current_hp_per_floor":[70,70,70,70,70,39,39,29,29,28,25,22,21,18,39,18,70,70,35,35,29,15,15,3,3,3,3,3,8,8,16,16,19,24,24,24,24,24,23,23,23,24,24,24,24,24,24,24,21,21],"gold":110,"neow_bonus":"BOSS_RELIC","is_prod":false,"is_daily":false,"chose_seed":false,"campfire_upgraded":0,"win_rate":0.0,"timestamp":1714549043,"path_taken":["M","?","?","?","?","E","?","E","T","M","M","M","M","M","R","BOSS","M","?","?","?","M","E","M","?","T","?","R","E","R","E","R","BOSS","M","$","M","?","?","R","?","M","T","?","M","E","M","?","R","BOSS"],"build_version":"2022-12-18","purchased_purges":3,"victory":true,"max_hp_per_floor":[70,70,70,70,70,70,70,70,70,70,70,70,70,70,70,70,70,70,35,35,35,35,35,35,35,35,24,24,24,24,24,24,24,24,24,24,24,24,24,24,24,24,24,24,24,24,24,24,21,21],"card_choices":[{"not_picked":["Blade Dance","Infinite Blades"],"picked":"Heel Hook","floor":1},{"not_picked":["Deflect","Acrobatics","Outmaneuver"],"picked":"SKIP","floor":4},{"not_picked":["Dodge and Roll","Crippling Poison"],"picked":"Bouncing Flask","floor":6},{"not_picked":["Masterful Stab","Dodge and Roll"],"picked":"Noxious Fumes","floor":8},{"not_picked":["Blade Dance","PiercingWail"],"picked":"Poisoned Stab","floor":10},{"not_picked":["Quick Slash","Deflect"],"picked":"Crippling Poison","floor":11},{"not_picked":["Distraction","Blade Dance"],"picked":"Expertise","floor":12},{"not_picked":["Eviscerate","Predator","Underhanded Strike"],"picked":"SKIP","floor":13},{"not_picked":["Underhanded Strike","Flying Knee"],"picked":"Quick Slash","floor":14},{"not_picked":["Adrenaline","Die Die Die"],"picked":"Night Terror","floor":16},{"not_picked":["Quick Slash","Backstab","Sucker Punch"],"picked":"SKIP","floor":18},{"not_picked":["Eviscerate+1","Flying Knee"],"picked":"Bouncing Flask","floor":22},{"not_picked":["Finisher","Escape Plan","Terror"],"picked":"SKIP","floor":23},{"not_picked":["Flechettes","Expertise+1","Leg Sweep"],"picked":"SKIP","floor":24},{"not_picked":["Footwork+1","Blur"],"picked":"Catalyst","floor":29},{"not_picked":["Eviscerate","Terror","Phantasmal Killer"],"picked":"SKIP","floor":31},{"not_picked":["Die Die Die","Venomology"],"picked":"Doppelganger","floor":33},{"not_picked":["Choke","Underhanded Strike+1"],"picked":"Calculated Gamble+1","floor":35},{"not_picked":["Deadly Poison","Escape Plan+1"],"picked":"Prepared","floor":37},{"not_picked":["Tactician","Endless Agony"],"picked":"Acrobatics+1","floor":38},{"not_picked":["Heel Hook+1","Dagger Throw","All Out Attack"],"picked":"SKIP","floor":42},{"not_picked":["Riddle With Holes+1","Deflect","Dagger Spray"],"picked":"SKIP","floor":45},{"not_picked":["Expertise+1","Bane"],"picked":"Night Terror","floor":46},{"not_picked":["Backflip","Dodge and Roll","Flying Knee"],"picked":"SKIP","floor":47},{"not_picked":["Eviscerate","PiercingWail"],"picked":"Tools of the Trade","floor":48}],"player_experience":79886,"relics_obtained":[{"floor":6,"key":"Bag of Preparation"},{"floor":8,"key":"Orichalcum"},{"floor":9,"key":"Lantern"},{"floor":23,"key":"Peace Pipe"},{"floor":26,"key":"Gremlin Horn"},{"floor":29,"key":"Whetstone"},{"floor":31,"key":"Dream Catcher"},{"floor":38,"key":"Tough Bandages"},{"floor":39,"key":"StoneCalendar"},{"floor":43,"key":"Toy Ornithopter"},{"floor":46,"key":"MealTicket"}],"event_choices":[{"damage_healed":0,"gold_gain":175,"player_choice":"AGREE","damage_taken":0,"max_hp_gain":0,"max_hp_loss":0,"event_name":"Liars Game","floor":2,"gold_loss":0,"cards_obtained":["Doubt"]},{"damage_healed":0,"gold_gain":0,"player_choice":"Upgraded","damage_taken":0,"max_hp_gain":0,"max_hp_loss":0,"event_name":"Upgrade Shrine","floor":3,"gold_loss":0,"cards_upgraded":["Neutralize"]},{"damage_healed":0,"gold_gain":0,"player_choice":"Rummage","damage_taken":0,"relics_obtained":["WarpedTongs"],"max_hp_gain":0,"max_hp_loss":0,"event_name":"Accursed Blacksmith","floor":5,"gold_loss":0,"cards_obtained":["Pain"]},{"damage_healed":0,"gold_gain":0,"player_choice":"Became a Ghost","damage_taken":0,"max_hp_gain":0,"max_hp_loss":35,"event_name":"Ghosts","floor":19,"gold_loss":0,"cards_obtained":["Ghostly","Ghostly","Ghostly","Ghostly","Ghostly"]},{"damage_healed":0,"gold_gain":0,"player_choice":"Read","damage_taken":0,"max_hp_gain":0,"max_hp_loss":0,"event_name":"The Library","floor":20,"gold_loss":0,"cards_obtained":["Deadly Poison"]},{"damage_healed":0,"gold_gain":0,"player_choice":"Joined the Cult","damage_taken":6,"max_hp_gain":0,"max_hp_loss":0,"event_name":"Nest","floor":21,"gold_loss":0,"cards_obtained":["RitualDagger"]},{"damage_healed":0,"gold_gain":0,"player_choice":"Became a vampire","damage_taken":0,"max_hp_gain":0,"max_hp_loss":11,"event_name":"Vampires","floor":27,"gold_loss":0,"cards_obtained":["Bite","Bite","Bite","Bite","Bite"]},{"damage_healed":0,"gold_gain":0,"player_choice":"Fight","damage_taken":0,"max_hp_gain":0,"max_hp_loss":0,"event_name":"Mysterious Sphere","floor":38,"gold_loss":0},{"damage_healed":0,"gold_gain":0,"player_choice":"Fight","damage_taken":0,"max_hp_gain":0,"max_hp_loss":0,"event_name":"MindBloom","floor":39,"gold_loss":0},{"damage_healed":0,"gold_gain":0,"player_choice":"Paid","damage_taken":0,"relics_obtained":["Red Mask"],"max_hp_gain":0,"max_hp_loss":0,"event_name":"Tomb of Lord Red Mask","floor":41,"gold_loss":241},{"damage_healed":0,"gold_gain":0,"player_choice":"0 cards matched","damage_taken":0,"max_hp_gain":0,"max_hp_loss":0,"event_name":"Match and Keep!","floor":44,"gold_loss":0,"cards_obtained":[]}],"is_beta":false,"boss_relics":[{"not_picked":["Cursed Key","Runic Dome"],"picked":"Empty Cage"},{"not_picked":["Runic Pyramid","Tiny House"],"picked":"Coffee Dripper"}],"items_purged_floors":[7,25,36],"is_endless":false,"potions_floor_spawned":[4,6,10,14,16,18,29,33,38,45,46,48],"ascension_level":0}