{"gold_per_floor":[117,130,4,4,4,4,23,54,54,54,66,77,90,123,123,123],"floor_reached":16,"playtime":4282,"items_purged":["Defend_G"],"score":144,"play_id":"587e7456-b8a6-4658-b62a-0e34df6c2cf2","local_time":"20240501225400","is_ascension_mode":true,"campfire_choices":[{"data":"Acrobatics","floor":6,"key":"SMITH"},{"data":"Leg Sweep","floor":10,"key":"SMITH"},{"data":"Catalyst","floor":15,"key":"SMITH"}],"neow_cost":"NONE","seed_source_timestamp":201820176937200,"circlet_count":0,"master_deck":["Strike_G","Strike_G","Strike_G","Strike_G","Defend_G","Defend_G","Defend_G","Defend_G","Survivor","Neutralize","Finesse","Endless Agony","Bouncing Flask+1","Acrobatics+1","Deadly Poison","Leg Sweep+1","Blur","Backstab","Catalyst+1","Catalyst"],"relics":["Ring of the Snake","Matryoshka","Pantograph","Eternal Feather","Regal Pillow"],"potions_floor_usage":[11,14,14],"damage_taken":[{"damage":0,"enemies":"Cultist","floor":1,"turns":4},{"damage":0,"enemies":"2 Louse","floor":2,"turns":3},{"damage":0,"enemies":"Jaw Worm","floor":7,"turns":3},{"damage":17,"enemies":"Lagavulin","floor":8,"turns":6},{"damage":0,"enemies":"3 Louse","floor":11,"turns":4},{"damage":2,"enemies":"Exordium Wildlife","floor":12,"turns":5},{"damage":0,"enemies":"Looter","floor":13,"turns":3},{"damage":0,"enemies":"Gremlin Nob","floor":14,"turns":2},{"damage":71,"enemies":"Slime Boss","floor":16,"turns":10}],"seed_played":"-6116687991710912388","potions_obtained":[{"floor":2,"key":"SpeedPotion"},{"floor":11,"key":"Fire Potion"},{"floor":13,"key":"Fire Potion"}],"is_trial":false,"path_per_floor":["M","M","$","?","?","R","M","E","T","R","M","M","M","E","R","B"],"character_chosen":"THE_SILENT","items_purchased":["Acrobatics"],"campfire_rested":0,"item_purchase_floors":[3],"current_hp_per_floor":[70,70,70,63,63,63,63,46,46,55,55,53,53,53,65,0],"gold":123,"neow_bonus":"RANDOM_COLORLESS","is_prod":false,"is_daily":false,"chose_seed":false,"campfire_upgraded":3,"win_rate":0,"timestamp":1714575240,"path_taken":["M","M","?","?","?","R","M","E","T","R","M","M","M","E","R","BOSS"],"build_version":"2022-12-18","purchased_purges":1,"victory":false,"max_hp_per_floor":[70,70,70,70,70,70,70,70,70,70,70,70,70,70,70,70],"card_choices":[{"not_picked":["Swift Strike","Dark Shackles"],"picked":"Finesse","floor":0},{"not_picked":["Quick Slash","Underhanded Strike"],"picked":"Endless Agony","floor":1},{"not_picked":["Finisher","Dagger Spray"],"picked":"Bouncing Flask","floor":2},{"not_picked":["Quick Slash","Expertise"],"picked":"Deadly Poison","floor":7},{"not_picked":["Riddle With Holes","Poisoned Stab"],"picked":"Leg Sweep","floor":8},{"not_picked":["Dagger Throw","Envenom"],"picked":"Blur","floor":11},{"not_picked":["Leg Sweep","Cloak And Dagger"],"picked":"Backstab","floor":12},{"not_picked":["Deadly Poison","Terror"],"picked":"Catalyst","floor":13},{"not_picked":["Finisher","Outmaneuver"],"picked":"Catalyst","floor":14}],"player_experience":90684,"relics_obtained":[{"floor":8,"key":"Matryoshka"},{"floor":9,"key":"Pantograph"},{"floor":9,"key":"Eternal Feather"},{"floor":14,"key":"Regal Pillow"}],"event_choices":[{"cards_removed":["Strike_G"],"damage_healed":0,"gold_gain":0,"player_choice":"Card Removal","damage_taken":7,"max_hp_gain":0,"max_hp_loss":0,"event_name":"Golden Wing","floor":4,"gold_loss":0},{"damage_healed":0,"gold_gain":0,"player_choice":"Upgraded","damage_taken":0,"max_hp_gain":0,"max_hp_loss":0,"event_name":"Upgrade Shrine","floor":5,"gold_loss":0,"cards_upgraded":["Bouncing Flask"]}],"is_beta":false,"boss_relics":[],"items_purged_floors":[3],"is_endless":false,"potions_floor_spawned":[2,11,13],"killed_by":"Slime Boss","ascension_level":1}