{"gold_per_floor":[113,113,113,113,113,113,38,66,66,66,80,98,112,125,125,220,220,235,249,249,249,249,279,279,299,299,317,334,354,354,371,371,371],"floor_reached":33,"playtime":7007,"items_purged":["Strike_G"],"score":294,"play_id":"fd027f7c-6ce0-41a0-b9f6-21e907f9bd32","local_time":"20240501000842","is_ascension_mode":false,"campfire_choices":[{"data":"Forethought","floor":6,"key":"SMITH"},{"floor":10,"key":"REST"},{"floor":15,"key":"REST"},{"data":"Dash","floor":30,"key":"SMITH"},{"data":"Blade Dance","floor":32,"key":"SMITH"}],"neow_cost":"NONE","seed_source_timestamp":120392724972900,"circlet_count":0,"master_deck":["Strike_G","Strike_G","Strike_G","Defend_G","Defend_G","Defend_G","Survivor","Neutralize","Forethought+1","Expertise","Blade Dance+1","Dash+1","Blade Dance","Dagger Throw+1","Quick Slash+1","Ghostly","Ghostly","Ghostly","Ghostly","Ghostly","Necronomicurse","All Out Attack","Adrenaline","Poisoned Stab","Sucker Punch"],"relics":["Ring of the Snake","MealTicket","Thread and Needle","Black Star","Necronomicon","Toy Ornithopter","Snake Skull","Ancient Tea Set"],"potions_floor_usage":[16,16,23,27],"damage_taken":[{"damage":0,"enemies":"2 Louse","floor":1,"turns":4},{"damage":67,"enemies":"Gremlin Nob","floor":8,"turns":6},{"damage":0,"enemies":"Small Slimes","floor":11,"turns":4},{"damage":0,"enemies":"Cultist","floor":12,"turns":4},{"damage":0,"enemies":"2 Fungi Beasts","floor":13,"turns":3},{"damage":0,"enemies":"Large Slime","floor":14,"turns":6},{"damage":17,"enemies":"Slime Boss","floor":16,"turns":15},{"damage":4,"enemies":"Shell Parasite","floor":18,"turns":5},{"damage":0,"enemies":"3 Byrds","floor":19,"turns":4},{"damage":13,"enemies":"Gremlin Leader","floor":23,"turns":7},{"damage":14,"enemies":"Snake Plant","floor":25,"turns":5},{"damage":0,"enemies":"3 Cultists","floor":27,"turns":5},{"damage":3,"enemies":"Shelled Parasite and Fungi","floor":28,"turns":6},{"damage":3,"enemies":"Snake Plant","floor":29,"turns":5},{"damage":14,"enemies":"3 Cultists","floor":31,"turns":6},{"damage":34,"enemies":"Automaton","floor":33,"turns":6}],"seed_played":"-5026824536867572846","potions_obtained":[{"floor":11,"key":"Weak Potion"},{"floor":13,"key":"BlessingOfTheForge"},{"floor":16,"key":"LiquidBronze"},{"floor":23,"key":"Energy Potion"},{"floor":25,"key":"DuplicationPotion"},{"floor":28,"key":"GamblersBrew"},{"floor":31,"key":"FearPotion"}],"is_trial":false,"path_per_floor":["M","?","?","?","?","R","$","E","T","R","M","M","M","M","R","B",null,"M","M","?","?","?","E","?","M","T","M","M","M","R","M","R","B"],"character_chosen":"THE_SILENT","items_purchased":[],"campfire_rested":2,"item_purchase_floors":[],"current_hp_per_floor":[70,63,63,68,68,68,68,1,1,23,23,23,23,23,45,28,75,71,71,71,37,21,8,47,33,33,38,35,32,32,18,18,0],"gold":371,"neow_bonus":"RANDOM_COLORLESS","is_prod":false,"is_daily":false,"chose_seed":false,"campfire_upgraded":3,"win_rate":0.0,"timestamp":1714493322,"path_taken":["M","?","?","?","?","R","$","E","T","R","M","M","?","M","R","BOSS","M","M","?","?","?","E","?","?","T","M","M","M","R","M","R","BOSS"],"build_version":"2022-12-18","purchased_purges":1,"victory":false,"max_hp_per_floor":[70,70,70,75,75,75,75,75,75,75,75,75,75,75,75,75,75,75,75,75,37,37,37,47,47,47,47,47,47,47,47,47,47],"card_choices":[{"not_picked":["Blind","Dark Shackles"],"picked":"Forethought","floor":0},{"not_picked":["PiercingWail","Dagger Spray"],"picked":"Expertise","floor":1},{"not_picked":["Flying Knee","Crippling Poison","Prepared"],"picked":"SKIP","floor":8},{"not_picked":["Slice","Eviscerate","Dodge and Roll"],"picked":"SKIP","floor":11},{"not_picked":["Poisoned Stab","Acrobatics"],"picked":"Dash","floor":12},{"not_picked":["Bane","Endless Agony","Poisoned Stab"],"picked":"SKIP","floor":13},{"not_picked":["Outmaneuver","Slice"],"picked":"Blade Dance","floor":14},{"not_picked":["Malaise","A Thousand Cuts"],"picked":"Glass Knife","floor":16},{"not_picked":["Quick Slash","Expertise+1"],"picked":"Dagger Throw+1","floor":18},{"not_picked":["Outmaneuver","Tactician"],"picked":"Quick Slash+1","floor":19},{"not_picked":["Heel Hook","Deflect"],"picked":"All Out Attack","floor":23},{"not_picked":["Quick Slash+1","Acrobatics"],"picked":"Adrenaline","floor":25},{"not_picked":["Heel Hook","Dodge and Roll","Backflip"],"picked":"SKIP","floor":27},{"not_picked":["Slice+1","Escape Plan","Crippling Poison"],"picked":"SKIP","floor":28},{"not_picked":["Prepared","PiercingWail"],"picked":"Poisoned Stab","floor":29},{"not_picked":["Outmaneuver","Dodge and Roll"],"picked":"Sucker Punch","floor":31}],"player_experience":61139,"relics_obtained":[{"floor":8,"key":"MealTicket"},{"floor":9,"key":"Thread and Needle"},{"floor":22,"key":"Necronomicon"},{"floor":23,"key":"Toy Ornithopter"},{"floor":23,"key":"Snake Skull"},{"floor":26,"key":"Ancient Tea Set"}],"event_choices":[{"cards_removed":["Defend_G"],"damage_healed":0,"gold_gain":0,"player_choice":"Card Removal","damage_taken":7,"max_hp_gain":0,"max_hp_loss":0,"event_name":"Golden Wing","floor":2,"gold_loss":0},{"damage_healed":0,"gold_gain":0,"player_choice":"Ignored","damage_taken":0,"max_hp_gain":0,"max_hp_loss":0,"event_name":"Liars Game","floor":3,"gold_loss":0},{"damage_healed":0,"gold_gain":0,"player_choice":"Donut","damage_taken":0,"max_hp_gain":5,"max_hp_loss":0,"event_name":"Big Fish","floor":4,"gold_loss":0},{"damage_healed":0,"gold_gain":0,"cards_transformed":["Strike_G"],"player_choice":"Transformed","damage_taken":0,"max_hp_gain":0,"max_hp_loss":0,"event_name":"Transmorgrifier","floor":5,"gold_loss":0,"cards_obtained":["Blade Dance"]},{"cards_removed":["Defend_G"],"damage_healed":0,"gold_gain":0,"player_choice":"Elegance","damage_taken":0,"max_hp_gain":0,"max_hp_loss":0,"event_name":"Back to Basics","floor":20,"gold_loss":0},{"damage_healed":0,"gold_gain":0,"player_choice":"Became a Ghost","damage_taken":0,"max_hp_gain":0,"max_hp_loss":38,"event_name":"Ghosts","floor":21,"gold_loss":0,"cards_obtained":["Ghostly","Ghostly","Ghostly","Ghostly","Ghostly"]},{"damage_healed":0,"gold_gain":0,"player_choice":"Obtained Book","damage_taken":16,"max_hp_gain":0,"max_hp_loss":0,"event_name":"Cursed Tome","floor":22,"gold_loss":0},{"cards_removed":["Glass Knife"],"damage_healed":29,"gold_gain":0,"player_choice":"Offered Rare","damage_taken":0,"max_hp_gain":10,"max_hp_loss":0,"event_name":"Bonfire Elementals","floor":24,"gold_loss":0}],"is_beta":false,"boss_relics":[{"not_picked":["Cursed Key","Philosopher\u0027s Stone"],"picked":"Black Star"}],"items_purged_floors":[7],"is_endless":false,"potions_floor_spawned":[11,13,16,23,25,28,31],"killed_by":"Automaton","ascension_level":0}