{"gold_per_floor":[115,134,134,8,8,36,54,79,131,206,206,238,238,299,299,394,394,411,411,438,72,91,91,91,91,117,129,229,61,94,114,114,211,211,229,179,193,19,31,58,58,87,87,100,147,180,180,194,194,194,194,194,1,33,33],"floor_reached":56,"playtime":11578,"items_purged":["Defend_B","Defend_B","Strike_B","Strike_B+1","Stack+1","Cold Snap"],"score":1371,"play_id":"edb1e42d-bfa8-432c-ba22-3848da0d6a00","local_time":"20240503021029","is_ascension_mode":true,"campfire_choices":[{"data":"Reinforced Body","floor":11,"key":"SMITH"},{"data":"Double Energy","floor":13,"key":"SMITH"},{"floor":15,"key":"REST"},{"data":"Enlightenment","floor":23,"key":"SMITH"},{"data":"Seek","floor":25,"key":"SMITH"},{"data":"Reboot","floor":32,"key":"SMITH"},{"data":"Prepared","floor":47,"key":"SMITH"},{"floor":49,"key":"RECALL"},{"data":"Meteor Strike","floor":52,"key":"SMITH"}],"neow_cost":"NONE","seed_source_timestamp":29846590014000,"circlet_count":0,"master_deck":["Zap","Dualcast","Chaos","Sweeping Beam","Reinforced Body+1","Meteor Strike+1","Double Energy+1","Doom and Gloom","Reboot+1","Echo Form+1","Sweeping Beam+1","Enlightenment+1","Flash of Steel","Seek+1","Prepared+1","Fission"],"relics":["Cracked Core","NeowsBlessing","Mercury Hourglass","Boot","Tiny Chest","Smiling Mask","The Courier","Astrolabe","Orichalcum","PrismaticShard","Bag of Marbles","Happy Flower","Lantern","Art of War","Runic Pyramid","Toy Ornithopter","Potion Belt","Vajra","Sundial","CaptainsWheel","Frozen Egg 2","Membership Card","Oddly Smooth Stone"],"potions_floor_usage":[8,12,14,18,33,42,55,55,55,55],"damage_taken":[{"damage":0,"enemies":"2 Louse","floor":1,"turns":1},{"damage":0,"enemies":"Small Slimes","floor":2,"turns":1},{"damage":0,"enemies":"Gremlin Nob","floor":6,"turns":1},{"damage":0,"enemies":"Cultist","floor":7,"turns":3},{"damage":5,"enemies":"3 Sentries","floor":8,"turns":5},{"damage":16,"enemies":"Lagavulin","floor":12,"turns":5},{"damage":0,"enemies":"Gremlin Nob","floor":14,"turns":3},{"damage":29,"enemies":"The Guardian","floor":16,"turns":8},{"damage":23,"enemies":"Shell Parasite","floor":18,"turns":8},{"damage":12,"enemies":"2 Thieves","floor":22,"turns":3},{"damage":1,"enemies":"Cultist and Chosen","floor":27,"turns":3},{"damage":11,"enemies":"Book of Stabbing","floor":30,"turns":5},{"damage":0,"enemies":"Centurion and Healer","floor":31,"turns":2},{"damage":7,"enemies":"Automaton","floor":33,"turns":6},{"damage":1,"enemies":"3 Shapes","floor":35,"turns":7},{"damage":2,"enemies":"Orb Walker","floor":37,"turns":2},{"damage":0,"enemies":"3 Darklings","floor":39,"turns":2},{"damage":0,"enemies":"Reptomancer","floor":40,"turns":4},{"damage":0,"enemies":"Giant Head","floor":42,"turns":6},{"damage":0,"enemies":"Transient","floor":44,"turns":5},{"damage":0,"enemies":"2 Orb Walkers","floor":45,"turns":2},{"damage":0,"enemies":"Nemesis","floor":46,"turns":5},{"damage":0,"enemies":"Spire Growth","floor":48,"turns":3},{"damage":6,"enemies":"Donu and Deca","floor":50,"turns":6},{"damage":1,"enemies":"Shield and Spear","floor":54,"turns":4},{"damage":60,"enemies":"The Heart","floor":55,"turns":8}],"seed_played":"-8760247583866028277","potions_obtained":[{"floor":2,"key":"GamblersBrew"},{"floor":6,"key":"Swift Potion"},{"floor":7,"key":"Regen Potion"},{"floor":14,"key":"FairyPotion"},{"floor":16,"key":"CultistPotion"},{"floor":27,"key":"FearPotion"},{"floor":30,"key":"Dexterity Potion"},{"floor":31,"key":"Explosive Potion"},{"floor":37,"key":"Regen Potion"},{"floor":39,"key":"CultistPotion"},{"floor":40,"key":"ColorlessPotion"},{"floor":45,"key":"Block Potion"},{"floor":54,"key":"PotionOfCapacity"}],"is_trial":false,"path_per_floor":["M","M","?","$","?","E","M","E","T","?","R","E","R","?","R","B",null,"M","?","T","$","M","R","?","R","T","M","?","$","E","M","R","B",null,"M","$","M","$","M","E","T","E","T","M","?","E","R","M","R","B",null,"R","$","E","B",null],"character_chosen":"DEFECT","items_purchased":["Sweeping Beam","PrismaticShard","Bag of Marbles","Enlightenment","Lantern","Toy Ornithopter","Membership Card","GamblersBrew"],"campfire_rested":1,"item_purchase_floors":[4,21,21,21,29,38,53,53],"current_hp_per_floor":[75,75,68,68,53,53,53,62,62,51,51,35,35,35,57,28,75,52,57,57,57,45,45,45,45,45,44,44,44,33,33,33,26,75,74,74,72,72,72,72,72,75,75,75,75,75,75,75,75,69,75,75,75,74,44],"gold":33,"neow_bonus":"THREE_ENEMY_KILL","is_prod":false,"is_daily":false,"chose_seed":false,"campfire_upgraded":7,"win_rate":0,"timestamp":1714673429,"path_taken":["M","M","?","$","?","E","M","E","T","?","R","E","R","?","R","BOSS","M","?","?","$","M","R","?","R","T","M","?","$","E","M","R","BOSS","M","$","M","$","?","E","?","E","T","M","?","E","R","M","R","BOSS","R","$","E","BOSS"],"build_version":"2022-12-18","purchased_purges":6,"victory":true,"max_hp_per_floor":[75,75,75,75,75,75,75,75,75,75,75,75,75,75,75,75,75,75,75,75,75,75,75,75,75,75,75,75,75,75,75,75,75,75,75,75,75,75,75,75,75,75,75,75,75,75,75,75,75,75,75,75,75,75,75],"card_choices":[{"not_picked":["Beam Cell","Conserve Battery"],"picked":"Stack","floor":1},{"not_picked":["Double Energy","Lockon"],"picked":"Chaos","floor":2},{"not_picked":["Sweeping Beam","Stack","Rebound"],"picked":"SKIP","floor":6},{"not_picked":["Loop","Beam Cell"],"picked":"Reinforced Body","floor":7},{"not_picked":["Cold Snap","Darkness"],"picked":"Meteor Strike","floor":8},{"not_picked":["Steam Power","Ball Lightning"],"picked":"Double Energy","floor":12},{"not_picked":["Redo","Chill"],"picked":"Doom and Gloom","floor":14},{"not_picked":["Machine Learning","Amplify"],"picked":"Reboot","floor":16},{"not_picked":["Barrage","Conserve Battery"],"picked":"Cold Snap","floor":18},{"not_picked":["Leap+1","Armaments"],"picked":"Flash of Steel","floor":22},{"not_picked":["Genetic Algorithm+1","Static Discharge","Aggregate+1"],"picked":"SKIP","floor":27},{"not_picked":["Genetic Algorithm+1","Static Discharge","Aggregate+1"],"picked":"SKIP","floor":27},{"not_picked":["Perfected Strike","Crescendo","Ghostly Armor"],"picked":"SKIP","floor":30},{"not_picked":["ClearTheMind+1","Prostrate+1"],"picked":"Prepared","floor":31},{"not_picked":["A Thousand Cuts","Sadistic Nature"],"picked":"Fission","floor":33},{"not_picked":["Compile Driver+1","Rage","Redo"],"picked":"SKIP","floor":35},{"not_picked":["Bloodletting+1","Loop","ThirdEye+1"],"picked":"SKIP","floor":37},{"not_picked":["All Out Attack","Static Discharge","PiercingWail+1"],"picked":"SKIP","floor":39},{"not_picked":["Infernal Blade+1","Dramatic Entrance","Impatience+1"],"picked":"SKIP","floor":40},{"not_picked":["Static Discharge","Searing Blow","Heavy Blade"],"picked":"SKIP","floor":42},{"not_picked":["FollowUp","Steam Power","Barrage+1"],"picked":"SKIP","floor":44},{"not_picked":["Eviscerate+1","Escape Plan+1","Storm+1"],"picked":"SKIP","floor":46},{"not_picked":["Flex","EmptyBody","CrushJoints"],"picked":"SKIP","floor":48},{"not_picked":["Protect","Deadly Poison+1","Armaments"],"picked":"SKIP","floor":54}],"player_experience":116800,"relics_obtained":[{"floor":6,"key":"Mercury Hourglass"},{"floor":8,"key":"Boot"},{"floor":9,"key":"Tiny Chest"},{"floor":12,"key":"Smiling Mask"},{"floor":14,"key":"The Courier"},{"floor":20,"key":"Orichalcum"},{"floor":26,"key":"Happy Flower"},{"floor":30,"key":"Art of War"},{"floor":40,"key":"Potion Belt"},{"floor":42,"key":"Vajra"},{"floor":43,"key":"Sundial"},{"floor":45,"key":"CaptainsWheel"},{"floor":46,"key":"Frozen Egg 2"},{"floor":54,"key":"Oddly Smooth Stone"}],"event_choices":[{"cards_removed":["Strike_B"],"damage_healed":0,"gold_gain":0,"player_choice":"Card Removal","damage_taken":7,"max_hp_gain":0,"max_hp_loss":0,"event_name":"Golden Wing","floor":3,"gold_loss":0},{"damage_healed":0,"gold_gain":0,"player_choice":"Entered Light","damage_taken":15,"max_hp_gain":0,"max_hp_loss":0,"event_name":"Shining Light","floor":5,"gold_loss":0,"cards_upgraded":["Strike_B","Stack"]},{"damage_healed":0,"gold_gain":75,"player_choice":"Gather Gold","damage_taken":11,"max_hp_gain":0,"max_hp_loss":0,"event_name":"World of Goop","floor":10,"gold_loss":0},{"damage_healed":0,"gold_gain":0,"player_choice":"Searched \u00272\u0027 times","damage_taken":0,"max_hp_gain":0,"max_hp_loss":0,"event_name":"Dead Adventurer","floor":14,"gold_loss":0},{"cards_removed":["Stack"],"damage_healed":5,"gold_gain":0,"player_choice":"Offered Common","damage_taken":0,"max_hp_gain":0,"max_hp_loss":0,"event_name":"Bonfire Elementals","floor":19,"gold_loss":0},{"cards_removed":["Stack"],"damage_healed":5,"gold_gain":0,"player_choice":"Offered Special","damage_taken":0,"max_hp_gain":0,"max_hp_loss":0,"event_name":"Bonfire Elementals","floor":19,"gold_loss":0},{"damage_healed":0,"gold_gain":0,"player_choice":"Read","damage_taken":0,"max_hp_gain":0,"max_hp_loss":0,"event_name":"The Library","floor":24,"gold_loss":0,"cards_obtained":["Seek"]},{"damage_healed":0,"gold_gain":100,"player_choice":"Pray","damage_taken":0,"max_hp_gain":0,"max_hp_loss":0,"event_name":"Golden Shrine","floor":28,"gold_loss":0},{"damage_healed":0,"gold_gain":0,"player_choice":"Fight","damage_taken":0,"max_hp_gain":0,"max_hp_loss":0,"event_name":"Mysterious Sphere","floor":45,"gold_loss":0}],"is_beta":false,"boss_relics":[{"not_picked":["Ectoplasm","Busted Crown"],"picked":"Astrolabe"},{"not_picked":["Velvet Choker","Cursed Key"],"picked":"Runic Pyramid"}],"items_purged_floors":[4,21,29,36,38,53],"is_endless":false,"potions_floor_spawned":[2,6,7,14,16,27,30,31,37,39,40,45,54],"ascension_level":1}