{"gold_per_floor":[110,110,128,128,146,186,186,227,277,277],"floor_reached":10,"playtime":956,"items_purged":[],"score":80,"play_id":"c4474b8d-88b2-449a-9665-200906f25bdf","local_time":"20240502225536","is_ascension_mode":true,"campfire_choices":[{"data":"Double Energy","floor":7,"key":"SMITH"}],"neow_cost":"NONE","seed_source_timestamp":28805418246400,"circlet_count":0,"master_deck":["Strike_B","Strike_B","Strike_B","Strike_B","Defend_B","Defend_B","Defend_B","Defend_B","Zap","Dualcast","Defragment+1","Redo","Double Energy+1","Biased Cognition"],"relics":["Cracked Core","Golden Idol","InkBottle","Pen Nib","Nunchaku"],"potions_floor_usage":[6,8,10],"damage_taken":[{"damage":1,"enemies":"Jaw Worm","floor":1,"turns":3},{"damage":0,"enemies":"2 Louse","floor":3,"turns":2},{"damage":1,"enemies":"Cultist","floor":5,"turns":3},{"damage":21,"enemies":"Lagavulin","floor":6,"turns":6},{"damage":46,"enemies":"3 Sentries","floor":8,"turns":9},{"damage":13,"enemies":"Lagavulin","floor":10,"turns":3}],"seed_played":"6851230625458700204","potions_obtained":[{"floor":3,"key":"Regen Potion"},{"floor":6,"key":"SkillPotion"},{"floor":8,"key":"PowerPotion"}],"is_trial":false,"path_per_floor":["M","?","M","?","M","E","R","E","T","E"],"character_chosen":"DEFECT","items_purchased":[],"campfire_rested":0,"item_purchase_floors":[],"current_hp_per_floor":[81,61,61,61,60,51,51,5,5,0],"gold":277,"neow_bonus":"TEN_PERCENT_HP_BONUS","is_prod":false,"is_daily":false,"chose_seed":false,"campfire_upgraded":1,"win_rate":0,"timestamp":1714661736,"path_taken":["M","?","M","?","?","E","R","E","T","E"],"build_version":"2022-12-18","purchased_purges":0,"victory":false,"max_hp_per_floor":[82,82,82,82,82,82,82,82,82,82],"card_choices":[{"not_picked":["Redo","Turbo"],"picked":"Defragment","floor":1},{"not_picked":["Sunder","Leap","Stack"],"picked":"SKIP","floor":3},{"not_picked":["Stack","Go for the Eyes"],"picked":"Redo","floor":5},{"not_picked":["Hologram","Stack"],"picked":"Double Energy","floor":6},{"not_picked":["Rebound","FTL"],"picked":"Biased Cognition","floor":8}],"player_experience":115844,"relics_obtained":[{"floor":6,"key":"InkBottle"},{"floor":8,"key":"Pen Nib"},{"floor":9,"key":"Nunchaku"}],"event_choices":[{"damage_healed":0,"gold_gain":0,"player_choice":"Take Damage","damage_taken":20,"relics_obtained":["Golden Idol"],"max_hp_gain":0,"max_hp_loss":0,"event_name":"Golden Idol","floor":2,"gold_loss":0},{"damage_healed":0,"gold_gain":0,"player_choice":"Upgraded","damage_taken":0,"max_hp_gain":0,"max_hp_loss":0,"event_name":"Upgrade Shrine","floor":4,"gold_loss":0,"cards_upgraded":["Defragment"]}],"is_beta":false,"boss_relics":[],"items_purged_floors":[],"is_endless":false,"potions_floor_spawned":[3,6,8],"killed_by":"Lagavulin","ascension_level":1}