{"gold_per_floor":[109,109,109,123,136,166,183,183,183,195,205,27,38,70,70,166,166,177,177,177,177,193,224,224,252,302,302],"floor_reached":27,"playtime":7036,"items_purged":["Strike_B"],"score":379,"play_id":"4ee793db-dda3-4e36-b4a0-91c0215b58e6","local_time":"20240502213654","is_ascension_mode":true,"campfire_choices":[{"data":"Biased Cognition","floor":8,"key":"SMITH"},{"data":"Reboot","floor":15,"key":"SMITH"},{"data":"Echo Form","floor":24,"key":"SMITH"}],"neow_cost":"NONE","seed_source_timestamp":5953976811200,"circlet_count":0,"master_deck":["Defend_B","Defend_B","Defend_B","Zap","Dualcast+1","BootSequence","Redo","Biased Cognition+1","Doom and Gloom","Fusion","Compile Driver","Defragment","Reboot+1","Echo Form+1","Ghostly","Ghostly","Ghostly","Ghostly","Ghostly","RitualDagger","Bite","Bite","Bite","Bite","Bite","Genetic Algorithm"],"relics":["Cracked Core","The Courier","Juzu Bracelet","Potion Belt","Coffee Dripper","White Beast Statue","Centennial Puzzle","Anchor"],"potions_floor_usage":[6,14,14,16,27,27],"damage_taken":[{"damage":1,"enemies":"Cultist","floor":1,"turns":3},{"damage":0,"enemies":"2 Louse","floor":4,"turns":2},{"damage":1,"enemies":"Jaw Worm","floor":5,"turns":2},{"damage":11,"enemies":"Lagavulin","floor":6,"turns":6},{"damage":0,"enemies":"Large Slime","floor":7,"turns":4},{"damage":2,"enemies":"Blue Slaver","floor":10,"turns":3},{"damage":16,"enemies":"Exordium Thugs","floor":11,"turns":4},{"damage":1,"enemies":"Large Slime","floor":13,"turns":3},{"damage":3,"enemies":"Gremlin Nob","floor":14,"turns":3},{"damage":0,"enemies":"Slime Boss","floor":16,"turns":5},{"damage":21,"enemies":"2 Thieves","floor":18,"turns":4},{"damage":0,"enemies":"Chosen","floor":22,"turns":5},{"damage":20,"enemies":"Gremlin Leader","floor":23,"turns":8},{"damage":4,"enemies":"Book of Stabbing","floor":25,"turns":6},{"damage":28,"enemies":"Gremlin Leader","floor":27,"turns":2}],"seed_played":"1095347059214684924","potions_obtained":[{"floor":5,"key":"BlessingOfTheForge"},{"floor":7,"key":"BlessingOfTheForge"},{"floor":10,"key":"AttackPotion"},{"floor":14,"key":"DuplicationPotion"},{"floor":23,"key":"Dexterity Potion"},{"floor":25,"key":"FocusPotion"}],"is_trial":false,"path_per_floor":["M","?","?","M","M","E","M","R","T","M","M","$","M","E","R","B",null,"M","?","?","?","M","E","R","E","T","E"],"character_chosen":"DEFECT","items_purchased":["Juzu Bracelet"],"campfire_rested":0,"item_purchase_floors":[12],"current_hp_per_floor":[74,74,74,74,73,62,62,62,62,60,44,44,43,40,40,40,75,54,37,31,25,25,20,20,24,24,0],"gold":302,"neow_bonus":"REMOVE_CARD","is_prod":false,"is_daily":false,"chose_seed":false,"campfire_upgraded":3,"win_rate":0,"timestamp":1714657014,"path_taken":["M","?","?","M","M","E","?","R","T","M","M","$","M","E","R","BOSS","M","?","?","?","M","E","R","E","T","E"],"build_version":"2022-12-18","purchased_purges":1,"victory":false,"max_hp_per_floor":[75,75,75,75,75,75,75,75,75,75,75,75,75,75,75,75,75,75,37,37,25,25,25,25,25,25,25],"card_choices":[{"not_picked":["Streamline","Reinforced Body"],"picked":"BootSequence","floor":1},{"not_picked":["Hologram","Barrage","Cold Snap"],"picked":"SKIP","floor":4},{"not_picked":["Stack","Leap"],"picked":"Redo","floor":5},{"not_picked":["Steam","Rebound"],"picked":"Biased Cognition","floor":6},{"not_picked":["Go for the Eyes","Cold Snap"],"picked":"Doom and Gloom","floor":7},{"not_picked":["Go for the Eyes","Hologram"],"picked":"Fusion","floor":10},{"not_picked":["Skim","Blizzard"],"picked":"Compile Driver","floor":11},{"not_picked":["Beam Cell","Conserve Battery"],"picked":"Defragment","floor":13},{"not_picked":["Compile Driver","Hologram"],"picked":"Reboot","floor":14},{"not_picked":["All For One","Machine Learning"],"picked":"Echo Form","floor":16},{"not_picked":["Steam+1","FTL","Force Field"],"picked":"SKIP","floor":18},{"not_picked":["Reprogram","Beam Cell+1","Leap"],"picked":"SKIP","floor":22},{"not_picked":["Fusion","Stack"],"picked":"Genetic Algorithm","floor":23},{"not_picked":["Ball Lightning","Storm","Rebound+1"],"picked":"SKIP","floor":25}],"player_experience":105136,"relics_obtained":[{"floor":6,"key":"The Courier"},{"floor":14,"key":"Potion Belt"},{"floor":23,"key":"White Beast Statue"},{"floor":25,"key":"Centennial Puzzle"},{"floor":26,"key":"Anchor"}],"event_choices":[{"cards_removed":["Strike_B"],"damage_healed":0,"gold_gain":0,"player_choice":"Forget","damage_taken":0,"max_hp_gain":0,"max_hp_loss":0,"event_name":"Living Wall","floor":2,"gold_loss":0},{"damage_healed":0,"gold_gain":0,"player_choice":"Forge","damage_taken":0,"max_hp_gain":0,"max_hp_loss":0,"event_name":"Accursed Blacksmith","floor":3,"gold_loss":0,"cards_upgraded":["Dualcast"]},{"damage_healed":0,"gold_gain":0,"player_choice":"Became a Ghost","damage_taken":0,"max_hp_gain":0,"max_hp_loss":38,"event_name":"Ghosts","floor":19,"gold_loss":0,"cards_obtained":["Ghostly","Ghostly","Ghostly","Ghostly","Ghostly"]},{"damage_healed":0,"gold_gain":0,"player_choice":"Joined the Cult","damage_taken":6,"max_hp_gain":0,"max_hp_loss":0,"event_name":"Nest","floor":20,"gold_loss":0,"cards_obtained":["RitualDagger"]},{"damage_healed":0,"gold_gain":0,"player_choice":"Became a vampire","damage_taken":0,"max_hp_gain":0,"max_hp_loss":12,"event_name":"Vampires","floor":21,"gold_loss":0,"cards_obtained":["Bite","Bite","Bite","Bite","Bite"]}],"is_beta":false,"boss_relics":[{"not_picked":["Runic Dome","Fusion Hammer"],"picked":"Coffee Dripper"}],"items_purged_floors":[12],"is_endless":false,"potions_floor_spawned":[5,7,10,14,23,25],"killed_by":"Gremlin Leader","ascension_level":1}