{"gold_per_floor":[115,115,132,132,132,132,82,98,98,98,117,117,117,18,18,143,143,159,180,180,180,229,269,290,290,315,315,340,356,455,474,474,597,597,617,630,65,65,165,165,184,198,198,238,254,279,302,302,302,302],"floor_reached":51,"playtime":10076,"items_purged":["Strike_B","Defend_B"],"score":689,"play_id":"bc66751d-1932-49f8-80d2-aabde3eefb55","local_time":"20240429195434","is_ascension_mode":false,"campfire_choices":[{"data":"Dualcast","floor":6,"key":"SMITH"},{"data":"Tempest","floor":10,"key":"SMITH"},{"data":"White Noise","floor":13,"key":"SMITH"},{"floor":15,"key":"REST"},{"data":"Fission","floor":25,"key":"SMITH"},{"data":"Electrodynamics","floor":27,"key":"SMITH"},{"floor":32,"key":"REST"},{"data":"Enlightenment","floor":40,"key":"SMITH"},{"floor":49,"key":"REST"}],"neow_cost":"NONE","seed_source_timestamp":15640976311900,"circlet_count":0,"master_deck":["Strike_B","Defend_B+1","Zap+1","Dualcast+1","White Noise+1","Sweeping Beam","Tempest+1","FTL","Go for the Eyes","Electrodynamics+1","Redo+1","Steam+1","J.A.X.","Fission+1","Glacier","Compile Driver","Barrage+1","Ball Lightning+1","Biased Cognition","Ball Lightning+1","Redo+1","Doom and Gloom","Enlightenment+1","Madness","Madness","Coolheaded+1","Hologram+1","Fusion","Self Repair+1","Coolheaded+1","Compile Driver"],"relics":["Cracked Core","Golden Idol","InkBottle","Pen Nib","Toy Ornithopter","Centennial Puzzle","Nuclear Battery","Lantern","Medical Kit","Shuriken","Ornamental Fan"],"potions_floor_usage":[3,24,24,31,33,45,45,50],"damage_taken":[{"damage":6,"enemies":"Jaw Worm","floor":1,"turns":3},{"damage":1,"enemies":"2 Louse","floor":3,"turns":2},{"damage":0,"enemies":"Small Slimes","floor":8,"turns":3},{"damage":0,"enemies":"Blue Slaver","floor":11,"turns":3},{"damage":12,"enemies":"Slime Boss","floor":16,"turns":7},{"damage":10,"enemies":"2 Thieves","floor":18,"turns":2},{"damage":5,"enemies":"Spheric Guardian","floor":19,"turns":3},{"damage":23,"enemies":"Slavers","floor":23,"turns":2},{"damage":14,"enemies":"Snake Plant","floor":24,"turns":3},{"damage":3,"enemies":"Shelled Parasite and Fungi","floor":28,"turns":2},{"damage":18,"enemies":"Sentry and Sphere","floor":29,"turns":4},{"damage":0,"enemies":"3 Cultists","floor":31,"turns":3},{"damage":30,"enemies":"Automaton","floor":33,"turns":8},{"damage":3,"enemies":"Orb Walker","floor":35,"turns":1},{"damage":0,"enemies":"3 Shapes","floor":36,"turns":1},{"damage":7,"enemies":"Spire Growth","floor":41,"turns":2},{"damage":3,"enemies":"3 Darklings","floor":42,"turns":3},{"damage":3,"enemies":"Reptomancer","floor":44,"turns":2},{"damage":15,"enemies":"Transient","floor":45,"turns":5},{"damage":0,"enemies":"Sphere and 2 Shapes","floor":46,"turns":1},{"damage":30,"enemies":"4 Shapes","floor":47,"turns":2},{"damage":14,"enemies":"Donu and Deca","floor":50,"turns":5}],"seed_played":"1249296573170798408","potions_obtained":[{"floor":1,"key":"Block Potion"},{"floor":11,"key":"Dexterity Potion"},{"floor":18,"key":"AttackPotion"},{"floor":24,"key":"AttackPotion"},{"floor":28,"key":"LiquidMemories"},{"floor":31,"key":"Explosive Potion"},{"floor":33,"key":"EssenceOfSteel"},{"floor":41,"key":"FocusPotion"},{"floor":42,"key":"PotionOfCapacity"},{"floor":45,"key":"PotionOfCapacity"},{"floor":46,"key":"GamblersBrew"}],"is_trial":false,"path_per_floor":["M","?","M","?","?","R","?","M","T","R","M","?","R","$","R","B",null,"M","M","?","?","T","E","M","R","T","R","M","M","?","M","R","B",null,"M","M","$","?","?","R","M","M","T","E","M","M","M","?","R","B",null],"character_chosen":"DEFECT","items_purchased":["Go for the Eyes","Lantern","Doom and Gloom","Enlightenment","Medical Kit"],"campfire_rested":3,"item_purchase_floors":[14,37,37,37,37],"current_hp_per_floor":[76,76,75,55,48,48,48,48,48,48,48,32,32,32,56,44,82,72,67,51,51,51,28,24,24,24,24,21,3,3,8,34,9,87,84,84,84,73,73,73,66,63,63,60,55,65,35,35,61,62],"gold":302,"neow_bonus":"TEN_PERCENT_HP_BONUS","is_prod":false,"is_daily":false,"chose_seed":false,"campfire_upgraded":6,"win_rate":0.0,"timestamp":1714391674,"path_taken":["M","?","M","?","?","R","?","?","T","R","M","?","R","$","R","BOSS","M","M","?","?","?","E","?","R","T","R","M","M","?","M","R","BOSS","M","M","$","?","?","R","M","?","T","E","M","M","?","?","R","BOSS"],"build_version":"2022-12-18","purchased_purges":2,"victory":true,"max_hp_per_floor":[82,82,82,82,82,82,82,82,82,82,82,82,82,82,82,82,82,82,82,87,87,87,87,87,87,87,87,87,87,87,87,87,87,87,87,87,87,87,87,87,87,87,87,87,87,87,87,87,87,87],"card_choices":[{"not_picked":["Conserve Battery","Ball Lightning"],"picked":"White Noise","floor":1},{"not_picked":["Aggregate","Self Repair"],"picked":"Sweeping Beam","floor":3},{"not_picked":["Consume","Barrage"],"picked":"Tempest","floor":8},{"not_picked":["Gash","Redo"],"picked":"FTL","floor":11},{"not_picked":["Fission","Rainbow"],"picked":"Electrodynamics","floor":16},{"not_picked":["Sweeping Beam","Stack+1"],"picked":"Redo+1","floor":18},{"not_picked":["Leap","Go for the Eyes+1"],"picked":"Steam+1","floor":19},{"not_picked":["Rip and Tear+1","Hologram"],"picked":"Fission","floor":23},{"not_picked":["Leap","Sweeping Beam"],"picked":"Glacier","floor":24},{"not_picked":["Gash","Coolheaded"],"picked":"Compile Driver","floor":28},{"not_picked":["Hologram","Rip and Tear"],"picked":"Barrage+1","floor":29},{"not_picked":["Glacier","Go for the Eyes"],"picked":"Ball Lightning+1","floor":31},{"not_picked":["Electrodynamics","Thunder Strike"],"picked":"Biased Cognition","floor":33},{"not_picked":["Conserve Battery","Streamline+1"],"picked":"Ball Lightning+1","floor":35},{"not_picked":["Aggregate","Reprogram+1"],"picked":"Redo+1","floor":36},{"not_picked":["Beam Cell","Static Discharge"],"picked":"Coolheaded+1","floor":41},{"not_picked":["Ball Lightning","Cold Snap+1"],"picked":"Hologram+1","floor":42},{"not_picked":["BootSequence+1","Genetic Algorithm"],"picked":"Fusion","floor":44},{"not_picked":["Reprogram","Darkness"],"picked":"Self Repair+1","floor":45},{"not_picked":["Rip and Tear","Cold Snap"],"picked":"Coolheaded+1","floor":46},{"not_picked":["Beam Cell+1","Sweeping Beam+1"],"picked":"Compile Driver","floor":47}],"player_experience":8047,"relics_obtained":[{"floor":9,"key":"InkBottle"},{"floor":22,"key":"Pen Nib"},{"floor":23,"key":"Toy Ornithopter"},{"floor":26,"key":"Centennial Puzzle"},{"floor":43,"key":"Shuriken"},{"floor":44,"key":"Ornamental Fan"}],"event_choices":[{"cards_removed":["Defend_B"],"damage_healed":0,"gold_gain":0,"player_choice":"Forget","damage_taken":0,"max_hp_gain":0,"max_hp_loss":0,"event_name":"Living Wall","floor":2,"gold_loss":0},{"damage_healed":0,"gold_gain":0,"player_choice":"Take Damage","damage_taken":20,"relics_obtained":["Golden Idol"],"max_hp_gain":0,"max_hp_loss":0,"event_name":"Golden Idol","floor":4,"gold_loss":0},{"cards_removed":["Strike_B"],"damage_healed":0,"gold_gain":0,"player_choice":"Card Removal","damage_taken":7,"max_hp_gain":0,"max_hp_loss":0,"event_name":"Golden Wing","floor":5,"gold_loss":0},{"cards_removed":["Defend_B"],"damage_healed":0,"gold_gain":0,"player_choice":"Card Removal","damage_taken":0,"max_hp_gain":0,"max_hp_loss":0,"event_name":"The Cleric","floor":7,"gold_loss":50},{"damage_healed":0,"gold_gain":0,"player_choice":"Entered Light","damage_taken":16,"max_hp_gain":0,"max_hp_loss":0,"event_name":"Shining Light","floor":12,"gold_loss":0,"cards_upgraded":["Zap","Defend_B"]},{"damage_healed":0,"gold_gain":0,"player_choice":"Shed Blood","damage_taken":21,"max_hp_gain":5,"max_hp_loss":0,"event_name":"Forgotten Altar","floor":20,"gold_loss":0},{"damage_healed":0,"gold_gain":0,"player_choice":"Obtain J.A.X.","damage_taken":0,"max_hp_gain":0,"max_hp_loss":0,"event_name":"Drug Dealer","floor":21,"gold_loss":0,"cards_obtained":["J.A.X."]},{"damage_healed":0,"gold_gain":99,"player_choice":"Stole From Cult","damage_taken":0,"max_hp_gain":0,"max_hp_loss":0,"event_name":"Nest","floor":30,"gold_loss":0},{"damage_healed":0,"gold_gain":0,"player_choice":"Embrace Madness","damage_taken":11,"max_hp_gain":0,"max_hp_loss":0,"event_name":"Winding Halls","floor":38,"gold_loss":0,"cards_obtained":["Madness","Madness"]},{"damage_healed":0,"gold_gain":100,"player_choice":"Pray","damage_taken":0,"max_hp_gain":0,"max_hp_loss":0,"event_name":"Golden Shrine","floor":39,"gold_loss":0},{"cards_removed":["Strike_B"],"damage_healed":0,"gold_gain":0,"player_choice":"Offered Basic","damage_taken":0,"max_hp_gain":0,"max_hp_loss":0,"event_name":"Bonfire Elementals","floor":48,"gold_loss":0}],"is_beta":false,"boss_relics":[{"not_picked":["Astrolabe","Velvet Choker","Fusion Hammer"]},{"not_picked":["SacredBark","SlaversCollar"],"picked":"Nuclear Battery"}],"items_purged_floors":[14,37],"is_endless":false,"potions_floor_spawned":[1,11,18,24,28,31,33,41,42,44,45,46],"ascension_level":0}