{"gold_per_floor":[109,109,109,34,46,46,66,94,94,126,137,163,175,194,194,295,295,320,235,160,169,188,224,224,251,251,274,283,32,48,48,48,157,157,169,196,196,418,436,462,462,471,471,471,504,504,540,552,552,552],"floor_reached":51,"playtime":7181,"items_purged":["Strike_P","Defend_P"],"score":985,"play_id":"b59d8f5f-6d8a-47cb-9240-b3d0ab7363bc","local_time":"20240504193357","is_ascension_mode":true,"campfire_choices":[{"data":"Eruption","floor":6,"key":"SMITH"},{"data":"Omniscience","floor":15,"key":"SMITH"},{"data":"Defend_P","floor":32,"key":"PURGE"},{"data":"Scrawl","floor":41,"key":"SMITH"},{"data":"Pain","floor":44,"key":"PURGE"},{"data":"LessonLearned","floor":46,"key":"PURGE"},{"data":"Fasting2","floor":49,"key":"SMITH"}],"neow_cost":"PERCENT_DAMAGE","seed_source_timestamp":78435859521500,"circlet_count":0,"master_deck":["Strike_P+1","Eruption+1","Vigilance+1","WheelKick+1","FlurryOfBlows+1","Omniscience+1","FlyingSleeves","SignatureMove","Meditate","CurseOfTheBell","Wallop+1","LessonLearned+1","Ragnarok+1","Crescendo+1","DeusExMachina","Scrawl+1","Secret Technique","Deep Breath","Discovery+1","Madness","Madness","Fasting2+1"],"relics":["PureWater","FossilizedHelix","Pocketwatch","Odd Mushroom","Matryoshka","PreservedInsect","Letter Opener","Akabeko","Question Card","Calling Bell","CeramicFish","Meat on the Bone","Incense Burner","Peace Pipe","Juzu Bracelet","Red Mask","Ancient Tea Set","Blood Vial","Vajra","Black Star","MealTicket","White Beast Statue","WarpedTongs","Strawberry","Bag of Preparation","Damaru","Art of War"],"potions_floor_usage":[7,16,16,33,50,50],"damage_taken":[{"damage":0,"enemies":"Jaw Worm","floor":1,"turns":2},{"damage":0,"enemies":"Small Slimes","floor":5,"turns":3},{"damage":0,"enemies":"The Mushroom Lair","floor":7,"turns":2},{"damage":0,"enemies":"Gremlin Nob","floor":8,"turns":3},{"damage":0,"enemies":"3 Sentries","floor":10,"turns":2},{"damage":0,"enemies":"2 Louse","floor":11,"turns":2},{"damage":0,"enemies":"Lagavulin","floor":12,"turns":3},{"damage":0,"enemies":"Looter","floor":13,"turns":2},{"damage":0,"enemies":"Gremlin Gang","floor":14,"turns":2},{"damage":37,"enemies":"Hexaghost","floor":16,"turns":6},{"damage":8,"enemies":"3 Byrds","floor":18,"turns":7},{"damage":0,"enemies":"Spheric Guardian","floor":22,"turns":3},{"damage":2,"enemies":"Gremlin Leader","floor":23,"turns":3},{"damage":0,"enemies":"Masked Bandits","floor":25,"turns":2},{"damage":0,"enemies":"Chosen and Byrds","floor":27,"turns":4},{"damage":0,"enemies":"Snake Plant","floor":30,"turns":1},{"damage":7,"enemies":"Automaton","floor":33,"turns":3},{"damage":5,"enemies":"3 Shapes","floor":35,"turns":1},{"damage":0,"enemies":"Nemesis","floor":40,"turns":3},{"damage":0,"enemies":"Giant Head","floor":45,"turns":2},{"damage":0,"enemies":"Nemesis","floor":47,"turns":1},{"damage":38,"enemies":"Orb Walker","floor":48,"turns":3},{"damage":1,"enemies":"Awakened One","floor":50,"turns":4}],"seed_played":"6392025267607881910","potions_obtained":[{"floor":7,"key":"Fruit Juice"},{"floor":8,"key":"SpeedPotion"},{"floor":11,"key":"SkillPotion"},{"floor":14,"key":"PowerPotion"},{"floor":16,"key":"EntropicBrew"},{"floor":25,"key":"DistilledChaos"},{"floor":33,"key":"Energy Potion"},{"floor":45,"key":"ColorlessPotion"}],"is_trial":false,"path_per_floor":["M","?","?","$","M","R","?","E","T","E","M","E","M","M","R","B",null,"M","?","?","?","M","E","?","?","T","M","?","$","M","$","R","B",null,"M","?","?","?","?","E","R","?","T","R","E","R","E","M","R","B",null],"character_chosen":"WATCHER","items_purchased":["Vajra"],"campfire_rested":0,"item_purchase_floors":[29],"current_hp_per_floor":[51,44,37,37,37,37,42,42,42,42,42,42,42,42,42,5,77,69,69,69,69,69,67,67,67,67,69,69,69,71,71,71,66,77,72,62,62,62,52,54,54,54,54,54,63,63,65,41,41,54],"gold":552,"neow_bonus":"ONE_RARE_RELIC","is_prod":false,"is_daily":false,"chose_seed":false,"campfire_upgraded":4,"win_rate":0,"timestamp":1714822437,"path_taken":["M","?","?","?","M","R","?","E","T","E","M","E","M","M","R","BOSS","M","?","?","?","?","E","?","?","T","M","?","$","M","?","R","BOSS","M","?","?","?","?","E","R","?","T","R","E","R","E","M","R","BOSS"],"build_version":"2022-12-18","purchased_purges":2,"victory":true,"max_hp_per_floor":[72,72,72,72,72,72,77,77,77,77,77,77,77,77,77,77,77,77,77,77,77,77,77,77,77,77,77,77,77,77,77,77,77,77,77,77,77,77,77,77,77,77,77,77,84,84,84,84,84,84],"card_choices":[{"not_picked":["CrushJoints","Protect","PathToVictory"],"picked":"SKIP","floor":1},{"not_picked":["EmptyFist","ThirdEye"],"picked":"WheelKick","floor":5},{"not_picked":["FlyingSleeves","EmptyBody"],"picked":"FlurryOfBlows","floor":7},{"not_picked":["BowlingBash","SashWhip","Evaluate"],"picked":"SKIP","floor":8},{"not_picked":["EmptyBody","FlurryOfBlows"],"picked":"Omniscience","floor":10},{"not_picked":["WindmillStrike","BowlingBash"],"picked":"FlyingSleeves","floor":11},{"not_picked":["Vengeance","PathToVictory"],"picked":"SignatureMove","floor":12},{"not_picked":["Tantrum","Wireheading","SignatureMove"],"picked":"Meditate","floor":13},{"not_picked":["EmptyMind","Evaluate","CrushJoints","ThirdEye"],"picked":"SKIP","floor":14},{"not_picked":["Judgement","Establishment","Wish"],"picked":"LessonLearned","floor":16},{"not_picked":["Evaluate","JustLucky+1","Protect"],"picked":"Wallop","floor":18},{"not_picked":["Protect","Prostrate+1","ClearTheMind"],"picked":"Ragnarok","floor":22},{"not_picked":["Halt","FollowUp+1","Wallop"],"picked":"FlyingSleeves+1","floor":23},{"not_picked":["Evaluate","Adaptation","WheelKick"],"picked":"Crescendo+1","floor":27},{"not_picked":["CrushJoints","ForeignInfluence","Conclude+1","Meditate"],"picked":"SKIP","floor":30},{"not_picked":["Ragnarok","LessonLearned","Wish"],"picked":"Scrawl","floor":33},{"not_picked":["EmptyBody+1","EmptyFist+1","CrushJoints+1","Prostrate+1"],"picked":"SKIP","floor":35},{"not_picked":["Swift Strike","Trip","Mayhem"],"picked":"Secret Technique","floor":36},{"not_picked":["Magnetism","Apotheosis","HandOfGreed"],"picked":"Deep Breath","floor":36},{"not_picked":["Flash of Steel","Metamorphosis","Dramatic Entrance"],"picked":"Discovery","floor":36},{"not_picked":["EmptyFist+1","Halt","MasterReality","WaveOfTheHand+1"],"picked":"SKIP","floor":40},{"not_picked":["Conclude+1","PathToVictory+1","SandsOfTime+1","ReachHeaven"],"picked":"SKIP","floor":45},{"not_picked":["Prostrate+1","Establishment","SashWhip+1"],"picked":"Fasting2","floor":47},{"not_picked":["PathToVictory","FlyingSleeves+1","Consecrate","Halt"],"picked":"SKIP","floor":48}],"player_experience":168248,"relics_obtained":[{"floor":7,"key":"Odd Mushroom"},{"floor":8,"key":"Matryoshka"},{"floor":9,"key":"PreservedInsect"},{"floor":9,"key":"Letter Opener"},{"floor":10,"key":"Akabeko"},{"floor":12,"key":"Question Card"},{"floor":17,"key":"CeramicFish"},{"floor":17,"key":"Meat on the Bone"},{"floor":17,"key":"Incense Burner"},{"floor":23,"key":"Juzu Bracelet"},{"floor":25,"key":"Red Mask"},{"floor":26,"key":"Ancient Tea Set"},{"floor":26,"key":"Blood Vial"},{"floor":40,"key":"MealTicket"},{"floor":40,"key":"White Beast Statue"},{"floor":45,"key":"Strawberry"},{"floor":45,"key":"Bag of Preparation"},{"floor":47,"key":"Damaru"},{"floor":47,"key":"Art of War"}],"event_choices":[{"damage_healed":0,"gold_gain":0,"player_choice":"Success","damage_taken":7,"relics_obtained":["Pocketwatch"],"max_hp_gain":0,"max_hp_loss":0,"event_name":"Scrap Ooze","floor":2,"gold_loss":0},{"cards_removed":["Defend_P"],"damage_healed":0,"gold_gain":0,"player_choice":"Card Removal","damage_taken":7,"max_hp_gain":0,"max_hp_loss":0,"event_name":"Golden Wing","floor":3,"gold_loss":0},{"damage_healed":0,"gold_gain":0,"player_choice":"Fought Mushrooms","damage_taken":0,"max_hp_gain":0,"max_hp_loss":0,"event_name":"Mushrooms","floor":7,"gold_loss":0},{"damage_healed":0,"gold_gain":0,"player_choice":"Obtained Relic","damage_taken":0,"relics_obtained":["Peace Pipe"],"max_hp_gain":0,"max_hp_loss":0,"event_name":"Addict","floor":19,"gold_loss":85},{"cards_removed":["Strike_P"],"damage_healed":0,"gold_gain":0,"player_choice":"Gave Gold","damage_taken":0,"max_hp_gain":0,"max_hp_loss":0,"event_name":"Beggar","floor":20,"gold_loss":75},{"damage_healed":0,"gold_gain":0,"cards_transformed":["Strike_P"],"player_choice":"Transformed","damage_taken":0,"max_hp_gain":0,"max_hp_loss":0,"event_name":"Transmorgrifier","floor":21,"gold_loss":0,"cards_obtained":["LessonLearned"]},{"cards_removed":["Defend_P"],"damage_healed":0,"gold_gain":0,"player_choice":"Elegance","damage_taken":0,"max_hp_gain":0,"max_hp_loss":0,"event_name":"Back to Basics","floor":24,"gold_loss":0},{"damage_healed":0,"gold_gain":0,"player_choice":"Fought Bandits","damage_taken":0,"max_hp_gain":0,"max_hp_loss":0,"event_name":"Masked Bandits","floor":25,"gold_loss":0},{"damage_healed":0,"gold_gain":0,"player_choice":"Read","damage_taken":0,"max_hp_gain":0,"max_hp_loss":0,"event_name":"The Library","floor":28,"gold_loss":0,"cards_obtained":["DeusExMachina"]},{"damage_healed":0,"gold_gain":0,"player_choice":"Memory 3","damage_taken":10,"max_hp_gain":0,"max_hp_loss":0,"event_name":"SensoryStone","floor":36,"gold_loss":0},{"cards_removed":["FlyingSleeves"],"damage_healed":0,"gold_gain":0,"player_choice":"Removed Attack","damage_taken":0,"max_hp_gain":0,"max_hp_loss":0,"event_name":"Falling","floor":37,"gold_loss":0},{"damage_healed":0,"gold_gain":222,"player_choice":"Wore Mask","damage_taken":0,"max_hp_gain":0,"max_hp_loss":0,"event_name":"Tomb of Lord Red Mask","floor":38,"gold_loss":0},{"damage_healed":0,"gold_gain":0,"player_choice":"Embrace Madness","damage_taken":10,"max_hp_gain":0,"max_hp_loss":0,"event_name":"Winding Halls","floor":39,"gold_loss":0,"cards_obtained":["Madness","Madness"]},{"damage_healed":0,"gold_gain":0,"player_choice":"Rummage","damage_taken":0,"relics_obtained":["WarpedTongs"],"max_hp_gain":0,"max_hp_loss":0,"event_name":"Accursed Blacksmith","floor":42,"gold_loss":0,"cards_obtained":["Pain"]}],"is_beta":false,"boss_relics":[{"not_picked":["Ectoplasm","Sozu"],"picked":"Calling Bell"},{"not_picked":["SacredBark","Astrolabe"],"picked":"Black Star"}],"items_purged_floors":[4,29],"is_endless":false,"potions_floor_spawned":[7,8,11,14,16,25,27,33,45,47,48],"ascension_level":1}