{"gold_per_floor":[114,130,305,321,83,83,83,83,83,83,83],"floor_reached":11,"playtime":1282,"items_purged":["Doubt"],"score":61,"play_id":"dbd31bc0-5f11-4fbe-844a-3b1af1f879e6","local_time":"20240430105629","is_ascension_mode":false,"campfire_choices":[{"data":"Ragnarok","floor":6,"key":"SMITH"}],"neow_cost":"PERCENT_DAMAGE","seed_source_timestamp":78584385900100,"circlet_count":0,"master_deck":["Strike_P","Strike_P","Strike_P","Defend_P","Defend_P","Defend_P","Eruption","Vigilance","FlurryOfBlows","FlurryOfBlows","PathToVictory","Ragnarok+1"],"relics":["PureWater","Vajra","Golden Idol","Incense Burner"],"potions_floor_usage":[],"damage_taken":[{"damage":0,"enemies":"2 Louse","floor":1,"turns":2},{"damage":0,"enemies":"Small Slimes","floor":2,"turns":3},{"damage":12,"enemies":"Jaw Worm","floor":4,"turns":5},{"damage":18,"enemies":"3 Sentries","floor":11,"turns":2}],"seed_played":"953747406707888323","potions_obtained":[{"floor":2,"key":"BottledMiracle"}],"is_trial":false,"path_per_floor":["M","M","?","M","$","R","?","?","T","$","?"],"character_chosen":"WATCHER","items_purchased":["Ragnarok"],"campfire_rested":0,"item_purchase_floors":[5],"current_hp_per_floor":[51,51,51,39,39,39,14,14,14,14,0],"gold":83,"neow_bonus":"REMOVE_TWO","is_prod":false,"is_daily":false,"chose_seed":false,"campfire_upgraded":1,"win_rate":0.0,"timestamp":1714445789,"path_taken":["M","M","?","M","$","R","?","?","T","?","?"],"build_version":"2022-12-18","purchased_purges":1,"victory":false,"max_hp_per_floor":[72,72,72,72,72,72,72,67,67,67,67],"card_choices":[{"not_picked":["Evaluate","Protect"],"picked":"FlurryOfBlows","floor":1},{"not_picked":["FollowUp","ThirdEye"],"picked":"FlurryOfBlows","floor":2},{"not_picked":["SandsOfTime","JustLucky"],"picked":"PathToVictory","floor":4}],"player_experience":38236,"relics_obtained":[{"floor":9,"key":"Incense Burner"}],"event_choices":[{"damage_healed":0,"gold_gain":175,"player_choice":"AGREE","damage_taken":0,"max_hp_gain":0,"max_hp_loss":0,"event_name":"Liars Game","floor":3,"gold_loss":0,"cards_obtained":["Doubt"]},{"damage_healed":0,"gold_gain":0,"player_choice":"Success","damage_taken":25,"relics_obtained":["Vajra"],"max_hp_gain":0,"max_hp_loss":0,"event_name":"Scrap Ooze","floor":7,"gold_loss":0},{"damage_healed":0,"gold_gain":0,"player_choice":"Lose Max HP","damage_taken":0,"relics_obtained":["Golden Idol"],"max_hp_gain":0,"max_hp_loss":5,"event_name":"Golden Idol","floor":8,"gold_loss":0},{"damage_healed":0,"gold_gain":0,"player_choice":"Searched \u00271\u0027 times","damage_taken":0,"max_hp_gain":0,"max_hp_loss":0,"event_name":"Dead Adventurer","floor":11,"gold_loss":0}],"is_beta":false,"boss_relics":[],"items_purged_floors":[5],"is_endless":false,"potions_floor_spawned":[2],"killed_by":"3 Sentries","ascension_level":0}