{"gold_per_floor":[115,115,126,139,139,139,168,13,39,39,72,72,102,112,112,210,210,223,223,223,239,239,265,265,265],"floor_reached":25,"playtime":1842,"items_purged":["Pain"],"score":328,"play_id":"adbf69ae-adc1-45a6-a119-d2ca83fbdadf","local_time":"20240503142438","is_ascension_mode":true,"campfire_choices":[{"data":"Eruption","floor":6,"key":"SMITH"},{"data":"DevaForm","floor":10,"key":"SMITH"},{"data":"BattleHymn","floor":15,"key":"SMITH"}],"neow_cost":"NONE","seed_source_timestamp":79823254233000,"circlet_count":0,"master_deck":["Strike_P","Strike_P","Strike_P","Defend_P","Defend_P+1","Defend_P+1","Defend_P","Eruption+1","Vigilance+1","CutThroughFate","Conclude+1","DevaForm+1","BattleHymn+1","ReachHeaven","Study","ConjureBlade","Meditate","Necronomicurse","Sanctity"],"relics":["PureWater","NeowsBlessing","WarpedTongs","Tiny Chest","Happy Flower","Boot","Lantern","Philosopher\u0027s Stone","MutagenicStrength","Girya","Necronomicon","War Paint"],"potions_floor_usage":[7,7,13,16,16,18,25,25],"damage_taken":[{"damage":0,"enemies":"2 Louse","floor":1,"turns":1},{"damage":0,"enemies":"Cultist","floor":3,"turns":1},{"damage":0,"enemies":"Small Slimes","floor":4,"turns":1},{"damage":3,"enemies":"3 Sentries","floor":7,"turns":3},{"damage":0,"enemies":"Lagavulin","floor":11,"turns":4},{"damage":0,"enemies":"Gremlin Nob","floor":13,"turns":2},{"damage":1,"enemies":"Exordium Thugs","floor":14,"turns":3},{"damage":25,"enemies":"Hexaghost","floor":16,"turns":5},{"damage":3,"enemies":"Spheric Guardian","floor":18,"turns":3},{"damage":10,"enemies":"3 Byrds","floor":21,"turns":3},{"damage":22,"enemies":"Gremlin Leader","floor":23,"turns":4},{"damage":32,"enemies":"Slavers","floor":25,"turns":1}],"seed_played":"4575846151476860075","potions_obtained":[{"floor":2,"key":"ColorlessPotion"},{"floor":2,"key":"Block Potion"},{"floor":2,"key":"StancePotion"},{"floor":11,"key":"DistilledChaos"},{"floor":14,"key":"SkillPotion"},{"floor":16,"key":"Strength Potion"},{"floor":21,"key":"Fire Potion"},{"floor":23,"key":"Fire Potion"}],"is_trial":false,"path_per_floor":["M","?","M","M","?","R","E","$","T","R","E","?","E","M","R","B",null,"M","?","T","M","?","E","?","E"],"character_chosen":"WATCHER","items_purchased":["BattleHymn"],"campfire_rested":0,"item_purchase_floors":[8],"current_hp_per_floor":[72,72,72,72,72,72,69,69,69,69,69,55,55,54,54,29,72,69,69,69,59,43,21,21,0],"gold":265,"neow_bonus":"THREE_ENEMY_KILL","is_prod":false,"is_daily":false,"chose_seed":false,"campfire_upgraded":3,"win_rate":0,"timestamp":1714717478,"path_taken":["M","?","M","?","?","R","E","?","T","R","E","?","E","M","R","BOSS","M","?","?","?","?","E","?","E"],"build_version":"2022-12-18","purchased_purges":1,"victory":false,"max_hp_per_floor":[72,72,72,72,72,72,72,72,72,72,72,72,72,72,72,72,72,72,72,72,72,72,72,72,72],"card_choices":[{"not_picked":["EmptyBody","TalkToTheHand","Halt"],"picked":"SKIP","floor":1},{"not_picked":["EmptyBody","PathToVictory"],"picked":"CutThroughFate","floor":3},{"not_picked":["FlyingSleeves","FollowUp"],"picked":"Conclude","floor":4},{"not_picked":["Blasphemy","FlurryOfBlows"],"picked":"DevaForm","floor":7},{"not_picked":["DeceiveReality","FlurryOfBlows"],"picked":"ReachHeaven","floor":11},{"not_picked":["EmptyBody","WindmillStrike"],"picked":"Study","floor":13},{"not_picked":["Halt","EmptyFist","ClearTheMind"],"picked":"SKIP","floor":14},{"not_picked":["DeusExMachina","Vault"],"picked":"ConjureBlade","floor":16},{"not_picked":["WreathOfFlame","Evaluate"],"picked":"Meditate","floor":18},{"not_picked":["FearNoEvil","Tantrum","Prostrate+1"],"picked":"SKIP","floor":21},{"not_picked":["ClearTheMind+1","PathToVictory","Halt+1"],"picked":"SKIP","floor":23}],"player_experience":134893,"relics_obtained":[{"floor":7,"key":"Tiny Chest"},{"floor":9,"key":"Happy Flower"},{"floor":11,"key":"Boot"},{"floor":13,"key":"Lantern"},{"floor":20,"key":"Girya"},{"floor":22,"key":"Necronomicon"},{"floor":23,"key":"War Paint"}],"event_choices":[{"damage_healed":0,"gold_gain":0,"player_choice":"Got Potions","damage_taken":0,"max_hp_gain":0,"max_hp_loss":0,"event_name":"Lab","floor":2,"gold_loss":0},{"damage_healed":0,"gold_gain":0,"player_choice":"Rummage","damage_taken":0,"relics_obtained":["WarpedTongs"],"max_hp_gain":0,"max_hp_loss":0,"event_name":"Accursed Blacksmith","floor":5,"gold_loss":0,"cards_obtained":["Pain"]},{"damage_healed":0,"gold_gain":0,"player_choice":"Entered Light","damage_taken":14,"max_hp_gain":0,"max_hp_loss":0,"event_name":"Shining Light","floor":12,"gold_loss":0,"cards_upgraded":["Conclude","Defend_P"]},{"damage_healed":0,"gold_gain":0,"player_choice":"Inject Mutagens","damage_taken":0,"relics_obtained":["MutagenicStrength"],"max_hp_gain":0,"max_hp_loss":0,"event_name":"Drug Dealer","floor":19,"gold_loss":0},{"damage_healed":0,"gold_gain":0,"player_choice":"Obtained Book","damage_taken":16,"max_hp_gain":0,"max_hp_loss":0,"event_name":"Cursed Tome","floor":22,"gold_loss":0},{"damage_healed":0,"gold_gain":0,"cards_transformed":["Strike_P"],"player_choice":"Transformed","damage_taken":0,"max_hp_gain":0,"max_hp_loss":0,"event_name":"Transmorgrifier","floor":24,"gold_loss":0,"cards_obtained":["Sanctity"]}],"is_beta":false,"boss_relics":[{"not_picked":["Black Star","Snecko Eye"],"picked":"Philosopher\u0027s Stone"}],"items_purged_floors":[8],"is_endless":false,"potions_floor_spawned":[3,11,14,16,21,23],"killed_by":"Slavers","ascension_level":1}