{"gold_per_floor":[116,191,210,221,221,252,268,268],"floor_reached":8,"playtime":681,"items_purged":[],"score":61,"play_id":"535209ba-8e05-408e-a20c-dcdd1b8cb6c5","local_time":"20240503153641","is_ascension_mode":true,"campfire_choices":[],"neow_cost":"NONE","seed_source_timestamp":89148355208200,"circlet_count":0,"master_deck":["Strike_P","Strike_P","Strike_P","Strike_P","Defend_P","Defend_P","Defend_P","Defend_P","Eruption","Vigilance","Discovery","Worship","BattleHymn","Perseverance"],"relics":["PureWater","HornCleat"],"potions_floor_usage":[],"damage_taken":[{"damage":1,"enemies":"Jaw Worm","floor":1,"turns":3},{"damage":4,"enemies":"Cultist","floor":3,"turns":4},{"damage":5,"enemies":"Small Slimes","floor":4,"turns":4},{"damage":14,"enemies":"3 Sentries","floor":6,"turns":4},{"damage":3,"enemies":"Exordium Wildlife","floor":7,"turns":3},{"damage":53,"enemies":"Lagavulin","floor":8,"turns":3}],"seed_played":"-3349379810615972287","potions_obtained":[{"floor":1,"key":"SpeedPotion"}],"is_trial":false,"path_per_floor":["M","?","M","M","?","E","M","E"],"character_chosen":"WATCHER","items_purchased":[],"campfire_rested":0,"item_purchase_floors":[],"current_hp_per_floor":[71,64,60,55,55,41,38,0],"gold":268,"neow_bonus":"RANDOM_COLORLESS","is_prod":false,"is_daily":false,"chose_seed":false,"campfire_upgraded":0,"win_rate":0,"timestamp":1714721801,"path_taken":["M","?","M","?","?","E","M","E"],"build_version":"2022-12-18","purchased_purges":0,"victory":false,"max_hp_per_floor":[72,72,72,72,72,72,72,72],"card_choices":[{"not_picked":["Forethought","Panacea"],"picked":"Discovery","floor":0},{"not_picked":["Crescendo","Protect"],"picked":"Worship","floor":1},{"not_picked":["CrushJoints","MentalFortress","EmptyBody"],"picked":"SKIP","floor":3},{"not_picked":["Consecrate","Collect"],"picked":"BattleHymn","floor":4},{"not_picked":["Halt","FlyingSleeves","ThirdEye"],"picked":"SKIP","floor":6},{"not_picked":["CrushJoints","WheelKick"],"picked":"Perseverance","floor":7}],"player_experience":140277,"relics_obtained":[{"floor":6,"key":"HornCleat"}],"event_choices":[{"damage_healed":0,"gold_gain":75,"player_choice":"Touch","damage_taken":7,"max_hp_gain":0,"max_hp_loss":0,"event_name":"FaceTrader","floor":2,"gold_loss":0},{"damage_healed":0,"gold_gain":0,"player_choice":"Ignored","damage_taken":0,"max_hp_gain":0,"max_hp_loss":0,"event_name":"Liars Game","floor":5,"gold_loss":0}],"is_beta":false,"boss_relics":[],"items_purged_floors":[],"is_endless":false,"potions_floor_spawned":[1],"killed_by":"Lagavulin","ascension_level":1}