{"gold_per_floor":[115,126,126,126,126,156,181,207,258,333,358,370,409,436,448,460],"floor_reached":16,"playtime":819,"items_purged":[],"score":148,"play_id":"d4d9339d-e7af-439d-a856-7f95690e85ae","local_time":"20240503152507","is_ascension_mode":true,"campfire_choices":[{"floor":12,"key":"REST"},{"floor":15,"key":"REST"}],"neow_cost":"NONE","seed_source_timestamp":88315996075600,"circlet_count":0,"master_deck":["Strike_P","Strike_P","Strike_P","Strike_P","Defend_P","Defend_P","Defend_P","Eruption","Vigilance","WheelKick","Prostrate","Consecrate","Perseverance","Wallop"],"relics":["PureWater","NeowsBlessing","Tiny Chest","Blood Vial","Potion Belt","MealTicket","Happy Flower","MawBank","Darkstone Periapt"],"potions_floor_usage":[8,13,14],"damage_taken":[{"damage":0,"enemies":"Jaw Worm","floor":1,"turns":1},{"damage":0,"enemies":"2 Louse","floor":2,"turns":1},{"damage":0,"enemies":"Lagavulin","floor":6,"turns":1},{"damage":44,"enemies":"Gremlin Nob","floor":8,"turns":6},{"damage":4,"enemies":"Lagavulin","floor":13,"turns":6},{"damage":0,"enemies":"Small Slimes","floor":14,"turns":2},{"damage":60,"enemies":"Hexaghost","floor":16,"turns":7}],"seed_played":"-8215230915522589132","potions_obtained":[{"floor":1,"key":"SpeedPotion"},{"floor":8,"key":"Weak Potion"},{"floor":13,"key":"DuplicationPotion"}],"is_trial":false,"path_per_floor":["M","M","?","T","?","E","T","E","T","?","T","R","E","M","R","B"],"character_chosen":"WATCHER","items_purchased":[],"campfire_rested":2,"item_purchase_floors":[],"current_hp_per_floor":[72,72,72,72,65,65,65,23,23,12,12,33,31,33,54,0],"gold":460,"neow_bonus":"THREE_ENEMY_KILL","is_prod":false,"is_daily":false,"chose_seed":false,"campfire_upgraded":0,"win_rate":0,"timestamp":1714721107,"path_taken":["M","M","?","?","?","E","?","E","T","?","?","R","E","M","R","BOSS"],"build_version":"2022-12-18","purchased_purges":0,"victory":false,"max_hp_per_floor":[72,72,72,72,72,72,72,72,72,72,72,72,72,72,72,72],"card_choices":[{"not_picked":["TalkToTheHand","PathToVictory"],"picked":"WheelKick","floor":1},{"not_picked":["JustLucky","CrushJoints"],"picked":"Prostrate","floor":2},{"not_picked":["SashWhip","PathToVictory"],"picked":"Consecrate","floor":6},{"not_picked":["Evaluate","Tantrum"],"picked":"Perseverance","floor":8},{"not_picked":["Wish","ClearTheMind"],"picked":"Wallop","floor":13},{"not_picked":["PathToVictory","Wallop","EmptyBody"],"picked":"SKIP","floor":14}],"player_experience":139458,"relics_obtained":[{"floor":4,"key":"Tiny Chest"},{"floor":6,"key":"Blood Vial"},{"floor":7,"key":"Potion Belt"},{"floor":8,"key":"MealTicket"},{"floor":9,"key":"Happy Flower"},{"floor":11,"key":"MawBank"},{"floor":13,"key":"Darkstone Periapt"}],"event_choices":[{"damage_healed":0,"gold_gain":0,"player_choice":"Ignored","damage_taken":0,"max_hp_gain":0,"max_hp_loss":0,"event_name":"Liars Game","floor":3,"gold_loss":0},{"cards_removed":["Defend_P"],"damage_healed":0,"gold_gain":0,"player_choice":"Card Removal","damage_taken":7,"max_hp_gain":0,"max_hp_loss":0,"event_name":"Golden Wing","floor":5,"gold_loss":0},{"damage_healed":0,"gold_gain":75,"player_choice":"Gather Gold","damage_taken":11,"max_hp_gain":0,"max_hp_loss":0,"event_name":"World of Goop","floor":10,"gold_loss":0}],"is_beta":false,"boss_relics":[],"items_purged_floors":[],"is_endless":false,"potions_floor_spawned":[1,8,13],"killed_by":"Hexaghost","ascension_level":1}