{"gold_per_floor":[118,133,408,419,51,51,104,143,143,143,172,172,235,250,250,391,391,411,411,455,380,380,380,421,437,437,456,471,471,486,69,69,197,197,241,241,241,605,575,620,620,644,644,688,688,704,28,53,53,53],"floor_reached":50,"playtime":13512,"items_purged":["Regret","Strike_P","Strike_P"],"score":683,"play_id":"e2e8888f-e022-4bc7-9f38-bbd50e35be77","local_time":"20240430003301","is_ascension_mode":false,"campfire_choices":[{"data":"Eruption","floor":6,"key":"SMITH"},{"data":"Omniscience","floor":15,"key":"SMITH"},{"data":"Judgement","floor":23,"key":"SMITH"},{"data":"ConjureBlade","floor":29,"key":"SMITH"},{"data":"ClearTheMind","floor":32,"key":"SMITH"},{"data":"Scrawl","floor":41,"key":"SMITH"},{"data":"LessonLearned","floor":45,"key":"SMITH"},{"floor":49,"key":"REST"}],"neow_cost":"NONE","seed_source_timestamp":28936451285000,"circlet_count":0,"master_deck":["Strike_P","Defend_P","Defend_P","Eruption+1","Vigilance","ClearTheMind+1","Weave","ThirdEye","HandOfGreed","CutThroughFate","FlurryOfBlows","ConjureBlade+1","Tantrum","Omniscience+1","Indignation","FollowUp","Judgement+1","CutThroughFate","WindmillStrike","Evaluate","Study+1","Sanctity","InnerPeace","Worship","Magnetism+1","Scrawl+1","LikeWater+1","Mayhem+1","Thinking Ahead","Flash of Steel","Adaptation+1","InnerPeace+1","SignatureMove+1","LessonLearned+1","JustLucky+1","EmptyBody","Enlightenment","Conclude"],"relics":["PureWater","Frozen Egg 2","Pear","FossilizedHelix","Golden Idol","VioletLotus","Enchiridion","Gambling Chip","Medical Kit","Philosopher\u0027s Stone","Old Coin","Mercury Hourglass","Bottled Tornado","Frozen Eye"],"potions_floor_usage":[11,16,16,27,28,33,40,42,48,50],"damage_taken":[{"damage":2,"enemies":"Small Slimes","floor":1,"turns":5},{"damage":1,"enemies":"Cultist","floor":2,"turns":3},{"damage":10,"enemies":"Jaw Worm","floor":4,"turns":4},{"damage":11,"enemies":"Lagavulin","floor":7,"turns":4},{"damage":0,"enemies":"2 Fungi Beasts","floor":8,"turns":2},{"damage":4,"enemies":"Gremlin Nob","floor":11,"turns":3},{"damage":0,"enemies":"Exordium Thugs","floor":13,"turns":2},{"damage":0,"enemies":"Looter","floor":14,"turns":2},{"damage":0,"enemies":"Slime Boss","floor":16,"turns":6},{"damage":0,"enemies":"Spheric Guardian","floor":18,"turns":1},{"damage":0,"enemies":"3 Byrds","floor":20,"turns":4},{"damage":0,"enemies":"Shelled Parasite and Fungi","floor":24,"turns":2},{"damage":14,"enemies":"Snake Plant","floor":25,"turns":3},{"damage":2,"enemies":"Cultist and Chosen","floor":27,"turns":4},{"damage":22,"enemies":"Snecko","floor":28,"turns":4},{"damage":0,"enemies":"Snake Plant","floor":30,"turns":1},{"damage":0,"enemies":"Collector","floor":33,"turns":2},{"damage":19,"enemies":"3 Shapes","floor":35,"turns":2},{"damage":14,"enemies":"2 Orb Walkers","floor":38,"turns":4},{"damage":0,"enemies":"Orb Walker","floor":40,"turns":3},{"damage":0,"enemies":"Writhing Mass","floor":42,"turns":4},{"damage":12,"enemies":"4 Shapes","floor":44,"turns":3},{"damage":0,"enemies":"Spire Growth","floor":46,"turns":2},{"damage":3,"enemies":"Writhing Mass","floor":48,"turns":3},{"damage":59,"enemies":"Time Eater","floor":50,"turns":5}],"seed_played":"-7723948961173667631","potions_obtained":[{"floor":2,"key":"ColorlessPotion"},{"floor":7,"key":"Block Potion"},{"floor":8,"key":"Weak Potion"},{"floor":13,"key":"Weak Potion"},{"floor":18,"key":"LiquidBronze"},{"floor":25,"key":"DuplicationPotion"},{"floor":30,"key":"LiquidMemories"},{"floor":33,"key":"Dexterity Potion"},{"floor":35,"key":"Fire Potion"},{"floor":39,"key":"SpeedPotion"},{"floor":39,"key":"Weak Potion"},{"floor":46,"key":"Swift Potion"},{"floor":48,"key":"Energy Potion"}],"is_trial":false,"path_per_floor":["M","M","?","M","$","R","E","M","T","?","E","?","M","M","R","B",null,"M","?","M","?","?","R","M","M","T","M","M","R","M","$","R","B",null,"M","?","?","?","?","M","R","M","T","M","R","M","$","M","R","B"],"character_chosen":"WATCHER","items_purchased":["HandOfGreed","CutThroughFate","FlurryOfBlows","Magnetism+1","Medical Kit","Bottled Tornado","Frozen Eye","EmptyBody","Enlightenment"],"campfire_rested":1,"item_purchase_floors":[5,5,5,31,31,47,47,47,47],"current_hp_per_floor":[77,76,76,66,66,66,55,55,65,58,54,32,32,32,32,32,89,89,73,73,73,73,73,73,59,59,57,35,35,35,35,35,35,89,70,60,60,46,46,46,46,46,46,34,34,34,34,31,57,0],"gold":53,"neow_bonus":"TEN_PERCENT_HP_BONUS","is_prod":false,"is_daily":false,"chose_seed":false,"campfire_upgraded":7,"win_rate":0.0,"timestamp":1714408381,"path_taken":["M","M","?","?","$","R","E","?","T","?","E","?","M","?","R","BOSS","M","?","M","?","?","R","?","M","T","M","M","R","M","$","R","BOSS","M","?","?","?","?","?","R","M","T","M","R","M","$","M","R","BOSS"],"build_version":"2022-12-18","purchased_purges":3,"victory":false,"max_hp_per_floor":[79,79,79,79,79,79,79,79,89,89,89,89,89,89,89,89,89,89,89,89,89,89,89,89,89,89,89,89,89,89,89,89,89,89,89,89,89,89,89,89,89,89,89,89,89,89,89,89,89,89],"card_choices":[{"not_picked":["Consecrate","Protect"],"picked":"ClearTheMind","floor":1},{"not_picked":["BowlingBash","FearNoEvil"],"picked":"Weave","floor":2},{"not_picked":["Vengeance","Worship"],"picked":"ThirdEye","floor":4},{"not_picked":["SandsOfTime","Protect"],"picked":"ConjureBlade","floor":7},{"not_picked":["InnerPeace","Crescendo"],"picked":"Tantrum","floor":8},{"not_picked":["Sanctity","EmptyBody"],"picked":"Omniscience","floor":11},{"not_picked":["Perseverance","Evaluate"],"picked":"Indignation","floor":13},{"not_picked":["EmptyBody","CrushJoints"],"picked":"FollowUp","floor":14},{"not_picked":["ConjureBlade","Scrawl"],"picked":"Judgement","floor":16},{"not_picked":["Evaluate","CrushJoints"],"picked":"CutThroughFate","floor":18},{"not_picked":["Consecrate","FlyingSleeves"],"picked":"WindmillStrike","floor":20},{"not_picked":["BowlingBash","ThirdEye+1"],"picked":"Evaluate","floor":24},{"not_picked":["CutThroughFate","FearNoEvil"],"picked":"Study+1","floor":25},{"not_picked":["FlurryOfBlows","Perseverance"],"picked":"Sanctity","floor":27},{"not_picked":["FollowUp","TalkToTheHand+1"],"picked":"InnerPeace","floor":28},{"not_picked":["DevaForm+1","Halt"],"picked":"Worship","floor":30},{"not_picked":["DevaForm+1","MasterReality+1"],"picked":"Scrawl","floor":33},{"not_picked":["EmptyFist","FlyingSleeves+1"],"picked":"LikeWater+1","floor":35},{"not_picked":["Discovery","Jack Of All Trades"],"picked":"Mayhem+1","floor":36},{"not_picked":["Impatience","Secret Technique"],"picked":"Thinking Ahead","floor":36},{"not_picked":["Blind","Mind Blast"],"picked":"Flash of Steel","floor":36},{"not_picked":["SashWhip+1","CutThroughFate+1"],"picked":"Adaptation+1","floor":38},{"not_picked":["EmptyBody","EmptyFist"],"picked":"InnerPeace+1","floor":40},{"not_picked":["Protect","BowlingBash+1"],"picked":"SignatureMove+1","floor":42},{"not_picked":["JustLucky+1","BowlingBash+1"],"picked":"LessonLearned","floor":44},{"not_picked":["Halt","Pray"],"picked":"JustLucky+1","floor":46},{"not_picked":["FlyingSleeves+1","CutThroughFate"],"picked":"Conclude","floor":48}],"player_experience":18123,"relics_obtained":[{"floor":7,"key":"Frozen Egg 2"},{"floor":9,"key":"Pear"},{"floor":11,"key":"FossilizedHelix"},{"floor":19,"key":"Enchiridion"},{"floor":26,"key":"Gambling Chip"},{"floor":38,"key":"Old Coin"},{"floor":43,"key":"Mercury Hourglass"}],"event_choices":[{"damage_healed":0,"gold_gain":275,"player_choice":"Desecrate","damage_taken":0,"max_hp_gain":0,"max_hp_loss":0,"event_name":"Golden Shrine","floor":3,"gold_loss":0,"cards_obtained":["Regret"]},{"cards_removed":["Defend_P"],"damage_healed":0,"gold_gain":0,"player_choice":"Card Removal","damage_taken":7,"max_hp_gain":0,"max_hp_loss":0,"event_name":"Golden Wing","floor":10,"gold_loss":0},{"damage_healed":0,"gold_gain":0,"player_choice":"Take Damage","damage_taken":22,"relics_obtained":["Golden Idol"],"max_hp_gain":0,"max_hp_loss":0,"event_name":"Golden Idol","floor":12,"gold_loss":0},{"damage_healed":0,"gold_gain":0,"player_choice":"Obtained Book","damage_taken":16,"max_hp_gain":0,"max_hp_loss":0,"event_name":"Cursed Tome","floor":19,"gold_loss":0},{"cards_removed":["Strike_P"],"damage_healed":0,"gold_gain":0,"player_choice":"Gave Gold","damage_taken":0,"max_hp_gain":0,"max_hp_loss":0,"event_name":"Beggar","floor":21,"gold_loss":75},{"cards_removed":["Defend_P"],"damage_healed":0,"gold_gain":0,"player_choice":"Elegance","damage_taken":0,"max_hp_gain":0,"max_hp_loss":0,"event_name":"Back to Basics","floor":22,"gold_loss":0},{"damage_healed":0,"gold_gain":0,"player_choice":"Memory 3","damage_taken":10,"max_hp_gain":0,"max_hp_loss":0,"event_name":"SensoryStone","floor":36,"gold_loss":0},{"damage_healed":0,"gold_gain":0,"player_choice":"Ignored","damage_taken":0,"max_hp_gain":0,"max_hp_loss":0,"event_name":"Tomb of Lord Red Mask","floor":37,"gold_loss":0},{"damage_healed":0,"gold_gain":0,"player_choice":"Fight","damage_taken":0,"max_hp_gain":0,"max_hp_loss":0,"event_name":"Mysterious Sphere","floor":38,"gold_loss":0},{"damage_healed":0,"gold_gain":0,"player_choice":"Bought 2 Potions","damage_taken":0,"max_hp_gain":0,"max_hp_loss":0,"event_name":"The Woman in Blue","floor":39,"gold_loss":0}],"is_beta":false,"boss_relics":[{"not_picked":["Coffee Dripper","Fusion Hammer"],"picked":"VioletLotus"},{"not_picked":["Astrolabe","Runic Dome"],"picked":"Philosopher\u0027s Stone"}],"items_purged_floors":[5,31,47],"is_endless":false,"potions_floor_spawned":[2,7,8,13,14,18,25,30,33,35,46,48],"killed_by":"Time Eater","ascension_level":0}