{"gold_per_floor":[117,133,133,133,133,161,46,63,86,86,121,137,169,169,169,267,267,287,306,406,423,171,171,202,216,243,274,287,287,316,316,316,418,418,438,438,71,21,35,67,67,67],"floor_reached":42,"playtime":5458,"items_purged":["Defend_P","Defend_P","Consecrate"],"score":580,"play_id":"647150c7-ed6f-4780-a4ea-63a17593a717","local_time":"20240503124624","is_ascension_mode":true,"campfire_choices":[{"data":"Meditate","floor":10,"key":"SMITH"},{"data":"Collect","floor":15,"key":"SMITH"},{"data":"Alpha","floor":23,"key":"SMITH"},{"floor":32,"key":"REST"},{"data":"ThirdEye","floor":41,"key":"SMITH"}],"neow_cost":"NONE","seed_source_timestamp":72687997851200,"circlet_count":0,"master_deck":["Defend_P+1","Defend_P+1","Eruption+1","Vigilance+1","WheelKick","Meditate+1","EmptyBody","FlurryOfBlows","Collect+1","ThirdEye+1","Alpha+1","CutThroughFate+1","MentalFortress","Wallop+1","Omniscience+1"],"relics":["PureWater","NeowsBlessing","Orichalcum","Happy Flower","War Paint","Dream Catcher","Black Star","Bag of Preparation","Tiny Chest","StoneCalendar","Matryoshka","Question Card","Toxic Egg 2","Damaru","Empty Cage","Bird Faced Urn","Pen Nib","HornCleat","Blood Vial","Strawberry"],"potions_floor_usage":[13,16,16,21,21,40,40],"damage_taken":[{"damage":0,"enemies":"Cultist","floor":1,"turns":1},{"damage":0,"enemies":"2 Louse","floor":2,"turns":1},{"damage":0,"enemies":"Gremlin Nob","floor":6,"turns":1},{"damage":0,"enemies":"Small Slimes","floor":8,"turns":2},{"damage":21,"enemies":"Lagavulin","floor":11,"turns":4},{"damage":2,"enemies":"Looter","floor":12,"turns":2},{"damage":8,"enemies":"Gremlin Nob","floor":13,"turns":3},{"damage":14,"enemies":"The Guardian","floor":16,"turns":6},{"damage":8,"enemies":"Shell Parasite","floor":18,"turns":5},{"damage":0,"enemies":"3 Byrds","floor":19,"turns":4},{"damage":4,"enemies":"Centurion and Healer","floor":21,"turns":4},{"damage":21,"enemies":"Gremlin Leader","floor":24,"turns":4},{"damage":4,"enemies":"Chosen and Byrds","floor":25,"turns":6},{"damage":12,"enemies":"Slavers","floor":27,"turns":3},{"damage":2,"enemies":"Snecko","floor":28,"turns":4},{"damage":15,"enemies":"Book of Stabbing","floor":30,"turns":5},{"damage":24,"enemies":"Champ","floor":33,"turns":8},{"damage":20,"enemies":"Orb Walker","floor":35,"turns":4},{"damage":0,"enemies":"3 Darklings","floor":39,"turns":2},{"damage":47,"enemies":"Giant Head","floor":40,"turns":9},{"damage":70,"enemies":"Reptomancer","floor":42,"turns":3}],"seed_played":"309191317778136705","potions_obtained":[{"floor":6,"key":"FearPotion"},{"floor":12,"key":"FearPotion"},{"floor":13,"key":"Explosive Potion"},{"floor":18,"key":"ColorlessPotion"},{"floor":19,"key":"AttackPotion"},{"floor":24,"key":"LiquidBronze"},{"floor":25,"key":"FairyPotion"},{"floor":33,"key":"Ancient Potion"},{"floor":39,"key":"Fire Potion"}],"is_trial":false,"path_per_floor":["M","M","?","?","?","E","$","M","T","R","E","M","E","?","R","B",null,"M","M","?","M","$","R","E","M","T","E","M","?","E","?","R","B",null,"M","T","$","$","M","E","R","E"],"character_chosen":"WATCHER","items_purchased":["Meditate","Bag of Preparation","HornCleat","BottledMiracle"],"campfire_rested":1,"item_purchase_floors":[7,22,37,38],"current_hp_per_floor":[72,72,72,58,63,63,63,63,63,63,42,40,32,32,32,18,77,69,69,69,65,65,65,44,40,40,28,26,26,11,11,34,10,77,57,57,57,57,61,25,25,0],"gold":67,"neow_bonus":"THREE_ENEMY_KILL","is_prod":false,"is_daily":false,"chose_seed":false,"campfire_upgraded":4,"win_rate":0,"timestamp":1714711584,"path_taken":["M","M","?","?","?","E","?","M","T","R","E","?","E","?","R","BOSS","M","?","?","M","$","R","E","M","T","E","?","?","E","?","R","BOSS","M","?","?","$","?","E","R","E"],"build_version":"2022-12-18","purchased_purges":3,"victory":false,"max_hp_per_floor":[72,72,72,72,77,77,77,77,77,77,77,77,77,77,77,77,77,77,77,77,77,77,77,77,77,77,77,77,77,77,77,77,77,77,77,77,77,77,77,84,84,84],"card_choices":[{"not_picked":["CrushJoints","Conclude"],"picked":"WheelKick","floor":1},{"not_picked":["CutThroughFate","FollowUp","Crescendo"],"picked":"SKIP","floor":2},{"not_picked":["DeceiveReality","Swivel","EmptyFist"],"picked":"SKIP","floor":6},{"not_picked":["FearNoEvil","Vengeance"],"picked":"Consecrate","floor":8},{"not_picked":["Perseverance","FlurryOfBlows"],"picked":"EmptyBody","floor":11},{"not_picked":["FlyingSleeves","Consecrate"],"picked":"FlurryOfBlows","floor":12},{"not_picked":["Crescendo","Pray"],"picked":"Collect","floor":13},{"not_picked":["Ragnarok","Vault"],"picked":"Alpha","floor":16},{"not_picked":["PathToVictory","Swivel+1","CrushJoints"],"picked":"SKIP","floor":18},{"not_picked":["Perseverance","Tantrum"],"picked":"CutThroughFate+1","floor":19},{"not_picked":["Vengeance","LikeWater"],"picked":"MentalFortress","floor":21},{"not_picked":["Nirvana","Weave","Crescendo"],"picked":"SKIP","floor":24},{"not_picked":["ThirdEye","FollowUp+1","Vengeance"],"picked":"SKIP","floor":25},{"not_picked":["FollowUp+1","PathToVictory+1"],"picked":"Wallop+1","floor":27},{"not_picked":["Study","Protect","Tantrum","Evaluate"],"picked":"SKIP","floor":28},{"not_picked":["EmptyFist","ThirdEye+1","CrushJoints","WaveOfTheHand+1"],"picked":"SKIP","floor":30},{"not_picked":["Wish+1","Blasphemy+1","MasterReality"],"picked":"Omniscience+1","floor":33},{"not_picked":["ThirdEye+1","Perseverance+1","Prostrate+1","Tantrum"],"picked":"SKIP","floor":35},{"not_picked":["FlyingSleeves+1","Weave","Evaluate+1","EmptyFist"],"picked":"SKIP","floor":39},{"not_picked":["EmptyFist+1","Protect+1","FollowUp","Crescendo+1"],"picked":"SKIP","floor":40}],"player_experience":129248,"relics_obtained":[{"floor":6,"key":"Orichalcum"},{"floor":9,"key":"Happy Flower"},{"floor":11,"key":"War Paint"},{"floor":13,"key":"Dream Catcher"},{"floor":24,"key":"Tiny Chest"},{"floor":24,"key":"StoneCalendar"},{"floor":27,"key":"Matryoshka"},{"floor":27,"key":"Question Card"},{"floor":30,"key":"Toxic Egg 2"},{"floor":30,"key":"Damaru"},{"floor":36,"key":"Bird Faced Urn"},{"floor":36,"key":"Pen Nib"},{"floor":40,"key":"Blood Vial"},{"floor":40,"key":"Strawberry"}],"event_choices":[{"damage_healed":0,"gold_gain":0,"player_choice":"Ignored","damage_taken":0,"max_hp_gain":0,"max_hp_loss":0,"event_name":"Liars Game","floor":3,"gold_loss":0},{"damage_healed":0,"gold_gain":0,"player_choice":"Entered Light","damage_taken":14,"max_hp_gain":0,"max_hp_loss":0,"event_name":"Shining Light","floor":4,"gold_loss":0,"cards_upgraded":["Defend_P","Eruption"]},{"damage_healed":0,"gold_gain":0,"player_choice":"Donut","damage_taken":0,"max_hp_gain":5,"max_hp_loss":0,"event_name":"Big Fish","floor":5,"gold_loss":0},{"damage_healed":0,"gold_gain":0,"cards_transformed":["Strike_P"],"player_choice":"Transformed","damage_taken":0,"max_hp_gain":0,"max_hp_loss":0,"event_name":"Transmorgrifier","floor":14,"gold_loss":0,"cards_obtained":["ThirdEye"]},{"damage_healed":0,"gold_gain":100,"player_choice":"Pray","damage_taken":0,"max_hp_gain":0,"max_hp_loss":0,"event_name":"Golden Shrine","floor":20,"gold_loss":0},{"damage_healed":0,"gold_gain":0,"player_choice":"Ignored","damage_taken":0,"max_hp_gain":0,"max_hp_loss":0,"event_name":"Vampires","floor":29,"gold_loss":0},{"cards_removed":["Strike_P"],"damage_healed":0,"gold_gain":0,"player_choice":"Elegance","damage_taken":0,"max_hp_gain":0,"max_hp_loss":0,"event_name":"Back to Basics","floor":31,"gold_loss":0}],"is_beta":false,"boss_relics":[{"not_picked":["Pandora\u0027s Box","Astrolabe"],"picked":"Black Star"},{"not_picked":["VioletLotus","Tiny House"],"picked":"Empty Cage"}],"items_purged_floors":[7,22,37],"is_endless":false,"potions_floor_spawned":[6,12,13,18,19,24,25,33,39],"killed_by":"Reptomancer","ascension_level":1}