{"gold_per_floor":[115,125,125,11,21,10,10,21,21,21,48,48,64,77,77,182,182,199,199,10,25,57,57,74,74,74,74,92,7,37,37,37,141,141,154,154,172,188,188],"floor_reached":39,"playtime":8752,"items_purged":["Defend_P"],"score":403,"play_id":"15774d60-3559-4a27-a51e-8396b674172c","local_time":"20240430133725","is_ascension_mode":false,"campfire_choices":[{"data":"Collect","floor":7,"key":"SMITH"},{"data":"Omniscience","floor":12,"key":"SMITH"},{"data":"Collect","floor":15,"key":"SMITH"},{"data":"ConjureBlade","floor":23,"key":"SMITH"},{"data":"Master of Strategy","floor":25,"key":"SMITH"},{"data":"LessonLearned","floor":27,"key":"SMITH"},{"floor":32,"key":"REST"}],"neow_cost":"NONE","seed_source_timestamp":79886254927700,"circlet_count":0,"master_deck":["Strike_P+1","Strike_P","Strike_P+1","Defend_P+1","Defend_P","Defend_P+1","Eruption","Vigilance+1","Collect+1","Crescendo","WheelKick+1","Prostrate","EmptyMind","Prostrate+1","Omniscience+1","EmptyMind","Collect+1","LessonLearned+1","FlyingSleeves+1","Master of Strategy+1","FlyingSleeves","ConjureBlade+1","EmptyMind+1","Devotion","CurseOfTheBell","Tantrum+1","EmptyBody+1","CrushJoints+1"],"relics":["PureWater","Bottled Lightning","Question Card","Strawberry","Sozu","Red Mask","Bronze Scales","Pantograph","Orichalcum","White Beast Statue","Calling Bell","War Paint","Toxic Egg 2","Calipers"],"potions_floor_usage":[14,21,28],"damage_taken":[{"damage":0,"enemies":"Small Slimes","floor":1,"turns":2},{"damage":0,"enemies":"Cultist","floor":2,"turns":2},{"damage":0,"enemies":"Jaw Worm","floor":5,"turns":2},{"damage":20,"enemies":"Exordium Thugs","floor":6,"turns":4},{"damage":2,"enemies":"Blue Slaver","floor":8,"turns":3},{"damage":5,"enemies":"Lagavulin","floor":11,"turns":5},{"damage":1,"enemies":"Looter","floor":13,"turns":3},{"damage":8,"enemies":"Large Slime","floor":14,"turns":8},{"damage":44,"enemies":"Slime Boss","floor":16,"turns":7},{"damage":17,"enemies":"Chosen","floor":18,"turns":7},{"damage":13,"enemies":"3 Byrds","floor":21,"turns":4},{"damage":15,"enemies":"Masked Bandits","floor":22,"turns":5},{"damage":8,"enemies":"Centurion and Healer","floor":24,"turns":4},{"damage":8,"enemies":"Sentry and Sphere","floor":28,"turns":4},{"damage":10,"enemies":"Gremlin Leader","floor":30,"turns":4},{"damage":55,"enemies":"Automaton","floor":33,"turns":7},{"damage":6,"enemies":"Orb Walker","floor":35,"turns":4},{"damage":8,"enemies":"3 Darklings","floor":37,"turns":4},{"damage":34,"enemies":"Maw","floor":38,"turns":5},{"damage":63,"enemies":"2 Orb Walkers","floor":39,"turns":3}],"seed_played":"-7200000907039121943","potions_obtained":[{"floor":2,"key":"BottledMiracle"},{"floor":13,"key":"Regen Potion"},{"floor":16,"key":"Explosive Potion"}],"is_trial":false,"path_per_floor":["M","M","?","$","M","M","R","M","T","?","E","R","M","M","R","B",null,"M","?","$","M","?","R","M","R","T","R","M","?","E","T","R","B",null,"M","?","M","M","?"],"character_chosen":"WATCHER","items_purchased":["WheelKick","Master of Strategy"],"campfire_rested":1,"item_purchase_floors":[4,20],"current_hp_per_floor":[79,79,79,79,79,59,59,57,57,54,56,56,55,62,62,18,86,69,69,69,56,41,41,33,33,33,33,25,25,15,15,40,10,86,80,80,72,38,0],"gold":188,"neow_bonus":"TEN_PERCENT_HP_BONUS","is_prod":false,"is_daily":false,"chose_seed":false,"campfire_upgraded":6,"win_rate":0.0,"timestamp":1714455445,"path_taken":["M","M","?","?","M","M","R","M","T","?","E","R","?","M","R","BOSS","M","?","?","M","?","R","M","R","T","R","M","?","E","?","R","BOSS","M","?","M","M","?"],"build_version":"2022-12-18","purchased_purges":1,"victory":false,"max_hp_per_floor":[79,79,79,79,79,79,79,79,79,79,86,86,86,86,86,86,86,86,86,86,86,86,86,86,86,86,86,86,86,86,86,86,86,86,86,86,86,86,86],"card_choices":[{"not_picked":["ThirdEye","Nirvana"],"picked":"Collect","floor":1},{"not_picked":["EmptyBody","Evaluate"],"picked":"Crescendo","floor":2},{"not_picked":["BowlingBash","Evaluate"],"picked":"Prostrate","floor":5},{"not_picked":["SandsOfTime","Tantrum"],"picked":"EmptyMind","floor":6},{"not_picked":["Conclude","ThirdEye"],"picked":"Prostrate","floor":8},{"not_picked":["PathToVictory","EmptyFist","Prostrate"],"picked":"Omniscience","floor":11},{"not_picked":["Meditate","PathToVictory","Vengeance"],"picked":"EmptyMind","floor":13},{"not_picked":["DeceiveReality","CrushJoints","WaveOfTheHand"],"picked":"Collect","floor":14},{"not_picked":["Brilliance","Vault","Blasphemy"],"picked":"LessonLearned","floor":16},{"not_picked":["JustLucky","EmptyBody","Crescendo"],"picked":"FlyingSleeves+1","floor":18},{"not_picked":["Nirvana","Evaluate","SashWhip"],"picked":"FlyingSleeves","floor":21},{"not_picked":["Evaluate","Wallop","JustLucky"],"picked":"ConjureBlade","floor":22},{"not_picked":["EmptyMind","WheelKick","MentalFortress+1"],"picked":"Wallop","floor":24},{"not_picked":["Conclude","Study","FlyingSleeves"],"picked":"EmptyMind+1","floor":28},{"not_picked":["Study+1","Consecrate","EmptyFist+1","Crescendo+1"],"picked":"SKIP","floor":30},{"not_picked":["Blasphemy","Establishment","LessonLearned"],"picked":"Devotion","floor":33},{"not_picked":["LikeWater+1","Fasting2","TalkToTheHand"],"picked":"Tantrum+1","floor":35},{"not_picked":["Consecrate","Evaluate+1","SashWhip"],"picked":"EmptyBody+1","floor":37},{"not_picked":["EmptyBody+1","FollowUp+1","ThirdEye+1"],"picked":"CrushJoints+1","floor":38}],"player_experience":39518,"relics_obtained":[{"floor":9,"key":"Bottled Lightning"},{"floor":11,"key":"Strawberry"},{"floor":22,"key":"Red Mask"},{"floor":26,"key":"Bronze Scales"},{"floor":30,"key":"Orichalcum"},{"floor":31,"key":"White Beast Statue"},{"floor":34,"key":"War Paint"},{"floor":34,"key":"Toxic Egg 2"},{"floor":34,"key":"Calipers"}],"event_choices":[{"damage_healed":0,"gold_gain":0,"player_choice":"Full Heal","damage_taken":0,"max_hp_gain":0,"max_hp_loss":0,"event_name":"Wheel of Change","floor":3,"gold_loss":0},{"damage_healed":0,"gold_gain":0,"player_choice":"Success","damage_taken":3,"relics_obtained":["Question Card"],"max_hp_gain":0,"max_hp_loss":0,"event_name":"Scrap Ooze","floor":10,"gold_loss":0},{"cards_removed":["Strike_P"],"damage_healed":0,"gold_gain":0,"player_choice":"Card Removal","damage_taken":0,"max_hp_gain":0,"max_hp_loss":0,"event_name":"Wheel of Change","floor":19,"gold_loss":0},{"damage_healed":0,"gold_gain":0,"player_choice":"Fought Bandits","damage_taken":0,"max_hp_gain":0,"max_hp_loss":0,"event_name":"Masked Bandits","floor":22,"gold_loss":0},{"damage_healed":0,"gold_gain":0,"player_choice":"Obtained Relic","damage_taken":0,"relics_obtained":["Pantograph"],"max_hp_gain":0,"max_hp_loss":0,"event_name":"Addict","floor":29,"gold_loss":85},{"cards_removed":["Wallop"],"damage_healed":0,"gold_gain":0,"player_choice":"Removed Attack","damage_taken":0,"max_hp_gain":0,"max_hp_loss":0,"event_name":"Falling","floor":36,"gold_loss":0},{"damage_healed":0,"gold_gain":0,"player_choice":"Fight","damage_taken":0,"max_hp_gain":0,"max_hp_loss":0,"event_name":"Mysterious Sphere","floor":39,"gold_loss":0}],"is_beta":false,"boss_relics":[{"not_picked":["Runic Dome","Cursed Key"],"picked":"Sozu"},{"not_picked":["Velvet Choker","Empty Cage"],"picked":"Calling Bell"}],"items_purged_floors":[4],"is_endless":false,"potions_floor_spawned":[2,13,16,18,24,28,33,35,37,38],"killed_by":"2 Orb Walkers","ascension_level":0}