{"gold_per_floor":[117,117,117,42,54,54,79,91,118,18,43,54,2,18,18,18],"floor_reached":16,"playtime":959,"items_purged":["Strike_P","Defend_P"],"score":142,"play_id":"cac2ecd9-1b19-40dd-9956-7d6dfe0230e3","local_time":"20240503145450","is_ascension_mode":true,"campfire_choices":[{"data":"Adaptation","floor":6,"key":"SMITH"},{"data":"SignatureMove","floor":15,"key":"SMITH"}],"neow_cost":"NONE","seed_source_timestamp":86359035301400,"circlet_count":0,"master_deck":["Strike_P","Strike_P","Strike_P","Defend_P","Defend_P","Defend_P","Eruption","Vigilance","Adaptation+1","Prostrate","FollowUp","SignatureMove+1"],"relics":["PureWater","NeowsBlessing","Centennial Puzzle","HornCleat","Potion Belt"],"potions_floor_usage":[11,12,16],"damage_taken":[{"damage":0,"enemies":"2 Louse","floor":1,"turns":1},{"damage":0,"enemies":"Small Slimes","floor":5,"turns":1},{"damage":0,"enemies":"Lagavulin","floor":7,"turns":1},{"damage":1,"enemies":"Jaw Worm","floor":8,"turns":3},{"damage":31,"enemies":"3 Sentries","floor":11,"turns":9},{"damage":1,"enemies":"Lots of Slimes","floor":12,"turns":4},{"damage":8,"enemies":"Red Slaver","floor":14,"turns":2},{"damage":53,"enemies":"Slime Boss","floor":16,"turns":5}],"seed_played":"2164734624909015263","potions_obtained":[{"floor":1,"key":"BottledMiracle"},{"floor":8,"key":"SpeedPotion"},{"floor":14,"key":"SneckoOil"}],"is_trial":false,"path_per_floor":["M","?","?","$","M","R","E","M","T","$","E","M","$","M","R","B"],"character_chosen":"WATCHER","items_purchased":["FollowUp"],"campfire_rested":0,"item_purchase_floors":[13],"current_hp_per_floor":[72,72,65,65,65,65,65,64,64,64,33,32,32,24,24,0],"gold":18,"neow_bonus":"THREE_ENEMY_KILL","is_prod":false,"is_daily":false,"chose_seed":false,"campfire_upgraded":2,"win_rate":0,"timestamp":1714719290,"path_taken":["M","?","?","?","M","R","E","M","T","$","E","?","?","M","R","BOSS"],"build_version":"2022-12-18","purchased_purges":2,"victory":false,"max_hp_per_floor":[72,72,72,72,72,72,72,72,72,72,72,72,72,72,72,72],"card_choices":[{"not_picked":["Pray","FlurryOfBlows","Halt"],"picked":"SKIP","floor":1},{"not_picked":["ThirdEye","EmptyBody"],"picked":"Adaptation","floor":5},{"not_picked":["FearNoEvil","FlurryOfBlows","Halt"],"picked":"SKIP","floor":7},{"not_picked":["DeceiveReality","EmptyFist","PathToVictory"],"picked":"SKIP","floor":8},{"not_picked":["FollowUp","Weave","EmptyFist"],"picked":"SKIP","floor":11},{"not_picked":["Nirvana","JustLucky"],"picked":"Prostrate","floor":12},{"not_picked":["FearNoEvil","MentalFortress"],"picked":"SignatureMove","floor":14}],"player_experience":137530,"relics_obtained":[{"floor":7,"key":"HornCleat"},{"floor":11,"key":"Potion Belt"}],"event_choices":[{"damage_healed":0,"gold_gain":0,"player_choice":"Box","damage_taken":0,"relics_obtained":["Centennial Puzzle"],"max_hp_gain":0,"max_hp_loss":0,"event_name":"Big Fish","floor":2,"gold_loss":0,"cards_obtained":["Regret"]},{"cards_removed":["Regret"],"damage_healed":0,"gold_gain":0,"player_choice":"Card Removal","damage_taken":7,"max_hp_gain":0,"max_hp_loss":0,"event_name":"Golden Wing","floor":3,"gold_loss":0}],"is_beta":false,"boss_relics":[],"items_purged_floors":[4,10],"is_endless":false,"potions_floor_spawned":[1,8,14],"killed_by":"Slime Boss","ascension_level":1}