{"gold_per_floor":[117,67,86,186,201,229,229,304,373,408,421,433,446,446],"floor_reached":14,"playtime":969,"items_purged":["Strike_P"],"score":107,"play_id":"22b0219b-b4ca-4f00-bf85-c738f05cd79b","local_time":"20240503151113","is_ascension_mode":true,"campfire_choices":[{"data":"Eruption","floor":7,"key":"SMITH"}],"neow_cost":"NONE","seed_source_timestamp":87331741390700,"circlet_count":0,"master_deck":["Strike_P","Strike_P","Strike_P","Defend_P","Defend_P","Defend_P","Defend_P","Eruption+1","Vigilance","Consecrate","ReachHeaven","MasterReality","Collect"],"relics":["PureWater","Smiling Mask","Art of War","Letter Opener","Molten Egg 2"],"potions_floor_usage":[10,14,14],"damage_taken":[{"damage":1,"enemies":"2 Louse","floor":1,"turns":4},{"damage":0,"enemies":"Cultist","floor":3,"turns":2},{"damage":0,"enemies":"Small Slimes","floor":5,"turns":2},{"damage":18,"enemies":"Lagavulin","floor":6,"turns":4},{"damage":10,"enemies":"Gremlin Nob","floor":10,"turns":3},{"damage":3,"enemies":"Red Slaver","floor":11,"turns":2},{"damage":5,"enemies":"Looter","floor":12,"turns":3},{"damage":1,"enemies":"3 Louse","floor":13,"turns":4},{"damage":27,"enemies":"Lagavulin","floor":14,"turns":5}],"seed_played":"4198925828394507182","potions_obtained":[{"floor":6,"key":"SteroidPotion"},{"floor":10,"key":"Dexterity Potion"},{"floor":13,"key":"Dexterity Potion"}],"is_trial":false,"path_per_floor":["M","$","M","?","M","E","R","?","T","E","M","M","M","E"],"character_chosen":"WATCHER","items_purchased":[],"campfire_rested":0,"item_purchase_floors":[],"current_hp_per_floor":[71,71,71,71,71,53,53,46,46,36,33,28,27,0],"gold":446,"neow_bonus":"RANDOM_COMMON_RELIC","is_prod":false,"is_daily":false,"chose_seed":false,"campfire_upgraded":1,"win_rate":0,"timestamp":1714720273,"path_taken":["M","$","M","?","?","E","R","?","T","E","M","?","M","E"],"build_version":"2022-12-18","purchased_purges":1,"victory":false,"max_hp_per_floor":[72,72,72,72,72,72,72,72,72,72,72,72,72,72],"card_choices":[{"not_picked":["ClearTheMind","Study"],"picked":"Consecrate","floor":1},{"not_picked":["TalkToTheHand","Consecrate","FearNoEvil"],"picked":"SKIP","floor":3},{"not_picked":["Study","Crescendo"],"picked":"ReachHeaven","floor":5},{"not_picked":["BowlingBash","FlurryOfBlows","CrushJoints"],"picked":"SKIP","floor":6},{"not_picked":["EmptyFist+1","FlurryOfBlows+1"],"picked":"MasterReality","floor":10},{"not_picked":["WaveOfTheHand","SashWhip+1","FollowUp+1"],"picked":"SKIP","floor":11},{"not_picked":["EmptyBody","Halt"],"picked":"Collect","floor":12},{"not_picked":["Weave+1","PathToVictory","Vengeance"],"picked":"SKIP","floor":13}],"player_experience":138489,"relics_obtained":[{"floor":6,"key":"Art of War"},{"floor":9,"key":"Letter Opener"},{"floor":10,"key":"Molten Egg 2"}],"event_choices":[{"damage_healed":0,"gold_gain":100,"player_choice":"Pray","damage_taken":0,"max_hp_gain":0,"max_hp_loss":0,"event_name":"Golden Shrine","floor":4,"gold_loss":0},{"damage_healed":0,"gold_gain":75,"player_choice":"Touch","damage_taken":7,"max_hp_gain":0,"max_hp_loss":0,"event_name":"FaceTrader","floor":8,"gold_loss":0}],"is_beta":false,"boss_relics":[],"items_purged_floors":[2],"is_endless":false,"potions_floor_spawned":[6,10,13],"killed_by":"Lagavulin","ascension_level":1}