{"gold_per_floor":[113,38,38,54,54,85,85,98,98,98,109,120,154,166,166,264,264,278,34,34,52,52,85,85,117,117,142,161,178,178,211,211,313,313,329,345,345,355,368,693,693,712,758,784,784,804,190,209,209,209],"floor_reached":50,"playtime":8031,"items_purged":["Defend_P","Strike_P","Decay"],"score":780,"play_id":"b0dbdb7c-a6df-4239-86f2-185d9071fa8d","local_time":"20240503194403","is_ascension_mode":true,"campfire_choices":[{"data":"Crescendo","floor":7,"key":"SMITH"},{"data":"Brilliance","floor":10,"key":"SMITH"},{"data":"ClearTheMind","floor":15,"key":"SMITH"},{"data":"FlurryOfBlows","floor":24,"key":"SMITH"},{"floor":32,"key":"REST"},{"data":"Vault","floor":45,"key":"SMITH"},{"floor":49,"key":"RECALL"}],"neow_cost":"NONE","seed_source_timestamp":89841798445200,"circlet_count":0,"master_deck":["Strike_P","Strike_P","Strike_P","Defend_P","Defend_P","Eruption+1","Vigilance","FlurryOfBlows+1","FlyingSleeves+1","Crescendo+1","Brilliance+1","Meditate+1","Pray","ClearTheMind+1","Establishment+1","Indignation","Prostrate+1","WheelKick+1","EmptyMind","ThirdEye","Scrawl","Vault+1","Scrawl"],"relics":["HolyWater","NeowsBlessing","Meat on the Bone","Frozen Egg 2","Letter Opener","SlaversCollar","Toolbox","Happy Flower","Centennial Puzzle","Mercury Hourglass","Matryoshka","Sundial","Bag of Preparation","Old Coin","Bronze Scales","Akabeko","Eternal Feather","OrangePellets"],"potions_floor_usage":[11,13,16,18,18,27,33,40,40,44,50,50],"damage_taken":[{"damage":0,"enemies":"Jaw Worm","floor":1,"turns":1},{"damage":0,"enemies":"Cultist","floor":4,"turns":1},{"damage":0,"enemies":"3 Sentries","floor":6,"turns":1},{"damage":6,"enemies":"2 Louse","floor":8,"turns":2},{"damage":9,"enemies":"Exordium Thugs","floor":11,"turns":3},{"damage":2,"enemies":"Looter","floor":12,"turns":3},{"damage":0,"enemies":"Lagavulin","floor":13,"turns":2},{"damage":0,"enemies":"Large Slime","floor":14,"turns":2},{"damage":0,"enemies":"Slime Boss","floor":16,"turns":4},{"damage":9,"enemies":"Shell Parasite","floor":18,"turns":4},{"damage":17,"enemies":"2 Thieves","floor":21,"turns":3},{"damage":32,"enemies":"Slavers","floor":23,"turns":4},{"damage":18,"enemies":"Gremlin Leader","floor":25,"turns":3},{"damage":0,"enemies":"Book of Stabbing","floor":27,"turns":2},{"damage":17,"enemies":"Snake Plant","floor":28,"turns":2},{"damage":0,"enemies":"Chosen and Byrds","floor":29,"turns":3},{"damage":32,"enemies":"Slavers","floor":31,"turns":2},{"damage":35,"enemies":"Champ","floor":33,"turns":6},{"damage":6,"enemies":"Orb Walker","floor":35,"turns":3},{"damage":2,"enemies":"3 Darklings","floor":36,"turns":4},{"damage":21,"enemies":"Writhing Mass","floor":38,"turns":3},{"damage":0,"enemies":"Maw","floor":39,"turns":3},{"damage":2,"enemies":"Reptomancer","floor":40,"turns":2},{"damage":0,"enemies":"3 Darklings","floor":42,"turns":3},{"damage":16,"enemies":"Nemesis","floor":44,"turns":3},{"damage":14,"enemies":"Spire Growth","floor":46,"turns":3},{"damage":3,"enemies":"Sphere and 2 Shapes","floor":48,"turns":3},{"damage":103,"enemies":"Time Eater","floor":50,"turns":7}],"seed_played":"1243406351575227343","potions_obtained":[{"floor":4,"key":"Fire Potion"},{"floor":6,"key":"FearPotion"},{"floor":12,"key":"SteroidPotion"},{"floor":13,"key":"Fire Potion"},{"floor":16,"key":"PowerPotion"},{"floor":23,"key":"Ancient Potion"},{"floor":25,"key":"SpeedPotion"},{"floor":28,"key":"Explosive Potion"},{"floor":33,"key":"LiquidBronze"},{"floor":35,"key":"FearPotion"},{"floor":36,"key":"StancePotion"},{"floor":42,"key":"PowerPotion"},{"floor":46,"key":"Fire Potion"}],"is_trial":false,"path_per_floor":["M","$","?","M","?","E","R","M","T","R","M","M","E","M","R","B",null,"M","$","?","M","?","E","R","E","T","E","M","M","?","E","R","B",null,"M","M","?","M","M","E","?","M","T","E","R","M","$","M","R","B"],"character_chosen":"WATCHER","items_purchased":["Toolbox","FairyPotion","Eternal Feather","OrangePellets"],"campfire_rested":1,"item_purchase_floors":[19,47,47,47],"current_hp_per_floor":[72,72,72,72,72,72,72,66,66,66,57,55,55,55,55,55,72,63,63,63,46,46,26,26,20,20,32,27,39,39,19,40,17,72,66,64,64,43,43,41,41,41,41,37,37,35,35,44,56,0],"gold":209,"neow_bonus":"THREE_ENEMY_KILL","is_prod":false,"is_daily":false,"chose_seed":false,"campfire_upgraded":5,"win_rate":0,"timestamp":1714736643,"path_taken":["M","$","?","?","?","E","R","M","T","R","?","?","E","M","R","BOSS","M","$","?","M","?","E","R","E","T","E","M","?","?","E","R","BOSS","M","M","?","?","?","E","?","M","T","E","R","M","$","?","R","BOSS"],"build_version":"2022-12-18","purchased_purges":3,"victory":false,"max_hp_per_floor":[72,72,72,72,72,72,72,72,72,72,72,72,72,72,72,72,72,72,72,72,72,72,72,72,72,72,72,72,72,72,72,72,72,72,72,72,72,72,72,72,72,72,72,72,72,72,72,72,72,72],"card_choices":[{"not_picked":["SashWhip","Halt"],"picked":"FlurryOfBlows","floor":1},{"not_picked":["ThirdEye","Tantrum"],"picked":"FlyingSleeves","floor":4},{"not_picked":["EmptyMind","Conclude"],"picked":"Crescendo","floor":6},{"not_picked":["Indignation","InnerPeace"],"picked":"Brilliance","floor":8},{"not_picked":["ThirdEye","FlyingSleeves","Tantrum"],"picked":"SKIP","floor":11},{"not_picked":["EmptyBody","CutThroughFate"],"picked":"Meditate","floor":12},{"not_picked":["Study+1","EmptyFist"],"picked":"Pray","floor":13},{"not_picked":["Wireheading+1","FollowUp"],"picked":"ClearTheMind","floor":14},{"not_picked":["Blasphemy","MasterReality+1"],"picked":"Establishment+1","floor":16},{"not_picked":["Swivel","Tantrum","BowlingBash"],"picked":"SKIP","floor":18},{"not_picked":["Study+1","FlyingSleeves"],"picked":"Indignation","floor":21},{"not_picked":["EmptyMind","LessonLearned"],"picked":"Prostrate+1","floor":23},{"not_picked":["FlurryOfBlows","ThirdEye"],"picked":"WheelKick+1","floor":25},{"not_picked":["Vengeance","Fasting2+1"],"picked":"EmptyMind","floor":27},{"not_picked":["FlurryOfBlows","Crescendo","MentalFortress+1"],"picked":"SKIP","floor":28},{"not_picked":["Study+1","FearNoEvil"],"picked":"ThirdEye","floor":29},{"not_picked":["ConjureBlade","Swivel+1","Tantrum"],"picked":"SKIP","floor":31},{"not_picked":["ConjureBlade","Judgement"],"picked":"Scrawl","floor":33},{"not_picked":["ClearTheMind+1","Vengeance+1","ForeignInfluence+1"],"picked":"SKIP","floor":35},{"not_picked":["Evaluate","EmptyFist+1","FlurryOfBlows+1"],"picked":"SKIP","floor":36},{"not_picked":["EmptyFist","PathToVictory","Perseverance+1"],"picked":"SKIP","floor":38},{"not_picked":["JustLucky","EmptyFist+1"],"picked":"Vault","floor":39},{"not_picked":["ClearTheMind","WaveOfTheHand","ThirdEye+1"],"picked":"SKIP","floor":40},{"not_picked":["ForeignInfluence","WreathOfFlame+1","Crescendo+1"],"picked":"SKIP","floor":42},{"not_picked":["DevaForm+1","ClearTheMind+1","EmptyFist"],"picked":"SKIP","floor":44},{"not_picked":["Collect","FlyingSleeves+1","LessonLearned"],"picked":"SKIP","floor":46},{"not_picked":["FlyingSleeves","PathToVictory+1","CarveReality"],"picked":"SKIP","floor":48}],"player_experience":140958,"relics_obtained":[{"floor":6,"key":"Meat on the Bone"},{"floor":9,"key":"Frozen Egg 2"},{"floor":13,"key":"Letter Opener"},{"floor":23,"key":"Happy Flower"},{"floor":25,"key":"Centennial Puzzle"},{"floor":26,"key":"Mercury Hourglass"},{"floor":27,"key":"Matryoshka"},{"floor":31,"key":"Bag of Preparation"},{"floor":40,"key":"Old Coin"},{"floor":43,"key":"Bronze Scales"},{"floor":44,"key":"Akabeko"}],"event_choices":[{"damage_healed":0,"gold_gain":0,"player_choice":"Forge","damage_taken":0,"max_hp_gain":0,"max_hp_loss":0,"event_name":"Accursed Blacksmith","floor":3,"gold_loss":0,"cards_upgraded":["Eruption"]},{"damage_healed":0,"gold_gain":0,"player_choice":"Upgraded","damage_taken":0,"max_hp_gain":0,"max_hp_loss":0,"event_name":"Upgrade Shrine","floor":5,"gold_loss":0,"cards_upgraded":["FlyingSleeves"]},{"cards_removed":["Defend_P"],"damage_healed":0,"gold_gain":0,"player_choice":"Elegance","damage_taken":0,"max_hp_gain":0,"max_hp_loss":0,"event_name":"Back to Basics","floor":20,"gold_loss":0},{"damage_healed":0,"gold_gain":0,"player_choice":"Upgraded","damage_taken":0,"max_hp_gain":0,"max_hp_loss":0,"event_name":"Upgrade Shrine","floor":22,"gold_loss":0,"cards_upgraded":["Meditate"]},{"damage_healed":0,"gold_gain":0,"player_choice":"Opened","damage_taken":0,"relics_obtained":["Sundial"],"max_hp_gain":0,"max_hp_loss":0,"event_name":"The Mausoleum","floor":30,"gold_loss":0},{"damage_healed":0,"gold_gain":0,"player_choice":"Cursed","damage_taken":0,"max_hp_gain":0,"max_hp_loss":0,"event_name":"Wheel of Change","floor":37,"gold_loss":0,"cards_obtained":["Decay"]},{"damage_healed":0,"gold_gain":0,"player_choice":"Copied","damage_taken":0,"max_hp_gain":0,"max_hp_loss":0,"event_name":"Duplicator","floor":41,"gold_loss":0,"cards_obtained":["Scrawl"]}],"is_beta":false,"boss_relics":[{"not_picked":["Astrolabe","Calling Bell"],"picked":"SlaversCollar"},{"not_picked":["Pandora\u0027s Box","Snecko Eye"],"picked":"HolyWater"}],"items_purged_floors":[2,19,47],"is_endless":false,"potions_floor_spawned":[4,6,12,13,16,23,25,28,33,35,36,42,46],"killed_by":"Time Eater","ascension_level":1}