{"gold_per_floor":[118,118,118,134,146,177,177,211,235,250,21,21,33,63,63,167,167,186,197,197,197,206,4,49,49,97,97,97,135,161,206,206,313,340,357,375,375,399,424,424,273,273,273,84,133,160,235,335,335,335,335,335,47,80,80],"floor_reached":56,"playtime":6958,"items_purged":["Strike_P","Defend_P","Good Instincts+1"],"score":1443,"play_id":"d6fc3b56-cef2-4387-8f3a-6c36e325e916","local_time":"20240505115759","is_ascension_mode":true,"campfire_choices":[{"data":"Eruption","floor":12,"key":"SMITH"},{"data":"Meditate","floor":15,"key":"SMITH"},{"data":"Blasphemy","floor":25,"key":"SMITH"},{"data":"Wish","floor":28,"key":"SMITH"},{"data":"Omniscience","floor":32,"key":"SMITH"},{"data":"Vault","floor":40,"key":"SMITH"},{"floor":42,"key":"RECALL"},{"data":"BattleHymn","floor":49,"key":"SMITH"},{"data":"Deep Breath","floor":52,"key":"SMITH"}],"neow_cost":"NONE","seed_source_timestamp":137728161522600,"circlet_count":0,"master_deck":["Defend_P+1","Defend_P+1","Eruption+1","Brilliance","Wallop","CarveReality","Meditate+1","Prostrate","Wish+1","ClearTheMind+1","Blasphemy+1","FlyingSleeves","Ghostly","Ghostly","Ghostly","Ghostly","Ghostly","Omniscience+1","Worship+1","Bite","Bite","Bite","Bite","Vault+1","FlyingSleeves+1","EmptyMind+1","Madness","Madness","Fasting2+1","BattleHymn+1","Dark Shackles","Deep Breath+1","Panacea","Ragnarok"],"relics":["PureWater","War Paint","Ancient Tea Set","Orichalcum","Juzu Bracelet","Toolbox","Torii","Velvet Choker","CeramicFish","Sundial","Art of War","HornCleat","Astrolabe","Bag of Preparation","Anchor","Damaru","Bronze Scales"],"potions_floor_usage":[6,13,16,29,50,50],"damage_taken":[{"damage":0,"enemies":"Small Slimes","floor":1,"turns":2},{"damage":0,"enemies":"Jaw Worm","floor":4,"turns":2},{"damage":0,"enemies":"2 Louse","floor":5,"turns":3},{"damage":0,"enemies":"Gremlin Nob","floor":6,"turns":3},{"damage":12,"enemies":"Lagavulin","floor":8,"turns":5},{"damage":3,"enemies":"Exordium Wildlife","floor":10,"turns":4},{"damage":0,"enemies":"Lots of Slimes","floor":13,"turns":1},{"damage":1,"enemies":"Hexaghost","floor":16,"turns":6},{"damage":9,"enemies":"Shell Parasite","floor":18,"turns":6},{"damage":10,"enemies":"Spheric Guardian","floor":19,"turns":4},{"damage":15,"enemies":"Slavers","floor":29,"turns":5},{"damage":0,"enemies":"Centurion and Healer","floor":30,"turns":5},{"damage":0,"enemies":"Collector","floor":33,"turns":5},{"damage":0,"enemies":"Orb Walker","floor":35,"turns":3},{"damage":0,"enemies":"3 Darklings","floor":38,"turns":6},{"damage":0,"enemies":"Transient","floor":45,"turns":5},{"damage":0,"enemies":"Jaw Worm Horde","floor":47,"turns":6},{"damage":0,"enemies":"Awakened One","floor":50,"turns":7},{"damage":0,"enemies":"Shield and Spear","floor":54,"turns":8},{"damage":35,"enemies":"The Heart","floor":55,"turns":8}],"seed_played":"5485681243269481864","potions_obtained":[{"floor":1,"key":"Explosive Potion"},{"floor":5,"key":"DuplicationPotion"},{"floor":13,"key":"Dexterity Potion"},{"floor":19,"key":"BlessingOfTheForge"},{"floor":30,"key":"FairyPotion"},{"floor":33,"key":"Strength Potion"},{"floor":35,"key":"FearPotion"}],"is_trial":false,"path_per_floor":["M","?","?","M","M","E","?","E","T","M","$","R","M","?","R","B",null,"M","M","?","T","?","$","?","R","T","?","R","E","M","?","R","B",null,"M","?","?","M","T","R","$","R","T","$","M","?","M","?","R","B",null,"R","$","E","B",null],"character_chosen":"WATCHER","items_purchased":["Toolbox","FlyingSleeves","FlurryOfBlows","Explosive Potion","Bag of Preparation","BattleHymn","Ragnarok","Damaru"],"campfire_rested":0,"item_purchase_floors":[11,23,23,23,41,44,53,53],"current_hp_per_floor":[72,72,65,65,65,65,65,53,53,50,50,50,50,50,50,49,72,63,53,53,53,53,53,36,36,36,32,32,17,17,17,17,23,28,28,24,24,28,28,28,28,28,28,28,28,18,22,22,22,28,28,28,28,28,5],"gold":80,"neow_bonus":"ONE_RANDOM_RARE_CARD","is_prod":false,"is_daily":false,"chose_seed":false,"campfire_upgraded":8,"win_rate":0,"timestamp":1714881479,"path_taken":["M","?","?","?","M","E","?","E","T","M","?","R","M","?","R","BOSS","M","M","?","?","?","$","?","R","T","?","R","E","M","?","R","BOSS","M","?","?","M","?","R","$","R","T","$","M","?","M","?","R","BOSS","R","$","E","BOSS"],"build_version":"2022-12-18","purchased_purges":3,"victory":true,"max_hp_per_floor":[72,72,72,72,72,72,72,72,72,72,72,72,72,72,72,72,72,72,72,72,72,72,72,36,36,36,41,41,41,41,28,28,28,28,28,28,28,28,28,28,28,28,28,28,28,28,28,28,28,28,28,28,28,28,28],"card_choices":[{"not_picked":["Weave","Protect"],"picked":"ThirdEye","floor":1},{"not_picked":["SashWhip","Protect"],"picked":"Wallop","floor":4},{"not_picked":["Halt","SandsOfTime"],"picked":"CarveReality","floor":5},{"not_picked":["CutThroughFate","BattleHymn"],"picked":"Meditate","floor":6},{"not_picked":["MasterReality","Fasting2"],"picked":"Prostrate","floor":8},{"not_picked":["EmptyBody","FearNoEvil","Protect"],"picked":"SKIP","floor":10},{"not_picked":["WaveOfTheHand","SashWhip","Nirvana"],"picked":"SKIP","floor":13},{"not_picked":["Omniscience","SpiritShield"],"picked":"Wish","floor":16},{"not_picked":["JustLucky","Consecrate+1","EmptyBody"],"picked":"SKIP","floor":18},{"not_picked":["ThirdEye+1","EmptyBody"],"picked":"ClearTheMind+1","floor":19},{"not_picked":["WindmillStrike","BowlingBash"],"picked":"Omniscience","floor":29},{"not_picked":["FollowUp","Conclude"],"picked":"Worship+1","floor":30},{"not_picked":["Alpha","DeusExMachina"],"picked":"Vault","floor":33},{"not_picked":["ThirdEye+1","WheelKick+1","CrushJoints+1"],"picked":"SKIP","floor":35},{"not_picked":["WreathOfFlame+1","Worship+1"],"picked":"Fasting2+1","floor":38},{"not_picked":["Meditate+1","WheelKick+1","MentalFortress+1"],"picked":"SKIP","floor":45},{"not_picked":["Enlightenment","Bandage Up"],"picked":"Dark Shackles","floor":46},{"not_picked":["Secret Weapon","Madness"],"picked":"Deep Breath","floor":46},{"not_picked":["Apotheosis","Bandage Up"],"picked":"Panacea","floor":46},{"not_picked":["Collect+1","SashWhip","ThirdEye+1"],"picked":"SKIP","floor":47},{"not_picked":["ClearTheMind+1","EmptyBody","CarveReality"],"picked":"SKIP","floor":54}],"player_experience":184414,"relics_obtained":[{"floor":6,"key":"Ancient Tea Set"},{"floor":8,"key":"Orichalcum"},{"floor":9,"key":"Juzu Bracelet"},{"floor":21,"key":"Sundial"},{"floor":26,"key":"Art of War"},{"floor":29,"key":"HornCleat"},{"floor":43,"key":"Anchor"},{"floor":54,"key":"Bronze Scales"}],"event_choices":[{"damage_healed":0,"gold_gain":0,"player_choice":"Ignored","damage_taken":0,"max_hp_gain":0,"max_hp_loss":0,"event_name":"Liars Game","floor":2,"gold_loss":0},{"damage_healed":0,"gold_gain":0,"player_choice":"Success","damage_taken":7,"relics_obtained":["War Paint"],"max_hp_gain":0,"max_hp_loss":0,"event_name":"Scrap Ooze","floor":3,"gold_loss":0},{"cards_removed":["Defend_P"],"damage_healed":0,"gold_gain":0,"player_choice":"Forget","damage_taken":0,"max_hp_gain":0,"max_hp_loss":0,"event_name":"Living Wall","floor":7,"gold_loss":0},{"damage_healed":0,"gold_gain":30,"player_choice":"Searched \u00273\u0027 times","damage_taken":0,"relics_obtained":["Torii"],"max_hp_gain":0,"max_hp_loss":0,"event_name":"Dead Adventurer","floor":14,"gold_loss":0},{"damage_healed":0,"gold_gain":0,"player_choice":"Opened","damage_taken":0,"relics_obtained":["CeramicFish"],"max_hp_gain":0,"max_hp_loss":0,"event_name":"The Mausoleum","floor":20,"gold_loss":0},{"damage_healed":0,"gold_gain":0,"player_choice":"Read","damage_taken":0,"max_hp_gain":0,"max_hp_loss":0,"event_name":"The Library","floor":22,"gold_loss":0,"cards_obtained":["Blasphemy"]},{"damage_healed":0,"gold_gain":0,"player_choice":"Became a Ghost","damage_taken":0,"max_hp_gain":0,"max_hp_loss":36,"event_name":"Ghosts","floor":24,"gold_loss":0,"cards_obtained":["Ghostly","Ghostly","Ghostly","Ghostly","Ghostly"]},{"damage_healed":0,"gold_gain":0,"player_choice":"Shed Blood","damage_taken":9,"max_hp_gain":5,"max_hp_loss":0,"event_name":"Forgotten Altar","floor":27,"gold_loss":0},{"damage_healed":0,"gold_gain":0,"player_choice":"Became a vampire","damage_taken":0,"max_hp_gain":0,"max_hp_loss":13,"event_name":"Vampires","floor":31,"gold_loss":0,"cards_obtained":["Bite","Bite","Bite","Bite","Bite"]},{"damage_healed":0,"gold_gain":0,"player_choice":"Embrace Madness","damage_taken":4,"max_hp_gain":0,"max_hp_loss":0,"event_name":"Winding Halls","floor":36,"gold_loss":0,"cards_obtained":["Madness","Madness"]},{"cards_removed":["ThirdEye"],"damage_healed":0,"gold_gain":0,"player_choice":"Removed Skill","damage_taken":0,"max_hp_gain":0,"max_hp_loss":0,"event_name":"Falling","floor":37,"gold_loss":0},{"damage_healed":0,"gold_gain":0,"player_choice":"Memory 3","damage_taken":10,"max_hp_gain":0,"max_hp_loss":0,"event_name":"SensoryStone","floor":46,"gold_loss":0},{"damage_healed":0,"gold_gain":100,"player_choice":"Pray","damage_taken":0,"max_hp_gain":0,"max_hp_loss":0,"event_name":"Golden Shrine","floor":48,"gold_loss":0}],"is_beta":false,"boss_relics":[{"not_picked":["Cursed Key","Sozu"],"picked":"Velvet Choker"},{"not_picked":["Tiny House","Pandora\u0027s Box"],"picked":"Astrolabe"}],"items_purged_floors":[11,23,44],"is_endless":false,"potions_floor_spawned":[1,5,13,19,30,33,35],"ascension_level":2}