{"gold_per_floor":[114,134,134,84,84,84,96,123,123,138,138,138,98,117,117,219,219,233,233,244,259,259,259,286,299,299,326,82,98,13,26,26,131,131,145,145,45,62,80,80,105,105,105,105,125,136,167,179,179,179],"floor_reached":51,"playtime":12869,"items_purged":["Strike_P","InnerPeace"],"score":764,"play_id":"477dc32c-8e78-405d-88b5-512357c303ea","local_time":"20240430220855","is_ascension_mode":false,"campfire_choices":[{"data":"Eruption","floor":6,"key":"SMITH"},{"data":"Wallop","floor":11,"key":"SMITH"},{"data":"Perseverance","floor":15,"key":"SMITH"},{"data":"Meditate","floor":23,"key":"SMITH"},{"data":"Devotion","floor":32,"key":"SMITH"},{"data":"Ragnarok","floor":40,"key":"SMITH"},{"floor":42,"key":"REST"},{"data":"Panacea","floor":49,"key":"SMITH"}],"neow_cost":"NONE","seed_source_timestamp":89690378798800,"circlet_count":0,"master_deck":["Eruption+1","Vigilance","Wallop+1","Meditate+1","Prostrate","Perseverance+1","DeusExMachina+1","FlurryOfBlows","WheelKick+1","Devotion+1","Metamorphosis","Ragnarok+1","DeusExMachina","PathToVictory","Panacea+1"],"relics":["Empty Cage","Gambling Chip","Oddly Smooth Stone","Kunai","SlaversCollar","Calipers","Bag of Marbles","Bottled Lightning","Lantern","Black Star","Shuriken","Ancient Tea Set","Mango","Pen Nib","Bottled Flame"],"potions_floor_usage":[27,39,50],"damage_taken":[{"damage":0,"enemies":"Jaw Worm","floor":1,"turns":4},{"damage":5,"enemies":"Small Slimes","floor":2,"turns":4},{"damage":0,"enemies":"2 Louse","floor":7,"turns":3},{"damage":1,"enemies":"Looter","floor":10,"turns":2},{"damage":0,"enemies":"2 Fungi Beasts","floor":14,"turns":2},{"damage":2,"enemies":"The Guardian","floor":16,"turns":9},{"damage":0,"enemies":"3 Byrds","floor":18,"turns":6},{"damage":2,"enemies":"Shell Parasite","floor":20,"turns":6},{"damage":0,"enemies":"Cultist and Chosen","floor":21,"turns":6},{"damage":0,"enemies":"Book of Stabbing","floor":24,"turns":4},{"damage":0,"enemies":"Snecko","floor":25,"turns":3},{"damage":0,"enemies":"Gremlin Leader","floor":27,"turns":3},{"damage":0,"enemies":"Shelled Parasite and Fungi","floor":29,"turns":3},{"damage":5,"enemies":"Snake Plant","floor":31,"turns":3},{"damage":6,"enemies":"Automaton","floor":33,"turns":4},{"damage":5,"enemies":"3 Shapes","floor":35,"turns":4},{"damage":0,"enemies":"3 Darklings","floor":38,"turns":2},{"damage":6,"enemies":"Maw","floor":39,"turns":5},{"damage":25,"enemies":"Nemesis","floor":41,"turns":3},{"damage":0,"enemies":"Jaw Worm Horde","floor":45,"turns":1},{"damage":0,"enemies":"Writhing Mass","floor":46,"turns":4},{"damage":4,"enemies":"Giant Head","floor":47,"turns":4},{"damage":0,"enemies":"Sphere and 2 Shapes","floor":48,"turns":1},{"damage":39,"enemies":"Awakened One","floor":50,"turns":7}],"seed_played":"-1719013362415253590","potions_obtained":[{"floor":2,"key":"Energy Potion"},{"floor":10,"key":"Energy Potion"},{"floor":13,"key":"Explosive Potion"},{"floor":13,"key":"SkillPotion"},{"floor":27,"key":"SpeedPotion"},{"floor":31,"key":"FairyPotion"},{"floor":39,"key":"SmokeBomb"},{"floor":48,"key":"EssenceOfSteel"}],"is_trial":false,"path_per_floor":["M","M","?","?","?","R","M","T","T","M","R","?","?","M","R","B",null,"M","?","M","M","?","R","E","M","T","E","$","M","?","M","R","B",null,"M","?","$","M","M","R","E","R","T","?","M","M","E","M","R","B",null],"character_chosen":"WATCHER","items_purchased":["Metamorphosis"],"campfire_rested":1,"item_purchase_floors":[28],"current_hp_per_floor":[72,67,60,60,48,48,48,48,48,47,47,47,47,47,47,45,72,72,72,70,70,70,70,70,70,70,70,70,70,70,65,65,59,72,67,67,67,67,61,61,36,57,71,71,71,71,67,67,67,28],"gold":179,"neow_bonus":"BOSS_RELIC","is_prod":false,"is_daily":false,"chose_seed":false,"campfire_upgraded":7,"win_rate":0.0,"timestamp":1714486135,"path_taken":["M","M","?","?","?","R","M","?","T","M","R","?","?","M","R","BOSS","M","?","M","?","?","R","E","?","T","E","$","?","?","M","R","BOSS","M","?","?","M","?","R","E","R","T","?","M","M","E","M","R","BOSS"],"build_version":"2022-12-18","purchased_purges":2,"victory":true,"max_hp_per_floor":[72,72,72,72,72,72,72,72,72,72,72,72,72,72,72,72,72,72,72,72,72,72,72,72,72,72,72,72,72,72,72,72,72,72,72,72,72,72,72,72,72,72,86,86,86,86,86,86,86,86],"card_choices":[{"not_picked":["FlyingSleeves","DeceiveReality"],"picked":"Wallop","floor":1},{"not_picked":["EmptyFist","JustLucky"],"picked":"Meditate","floor":2},{"not_picked":["Evaluate","TalkToTheHand"],"picked":"Prostrate","floor":7},{"not_picked":["Crescendo","Meditate"],"picked":"InnerPeace","floor":10},{"not_picked":["ThirdEye","JustLucky"],"picked":"Perseverance","floor":14},{"not_picked":["Blasphemy","Judgement"],"picked":"DeusExMachina","floor":16},{"not_picked":["FlyingSleeves","Halt","JustLucky"],"picked":"SKIP","floor":18},{"not_picked":["EmptyFist","Evaluate+1"],"picked":"WheelKick+1","floor":20},{"not_picked":["CutThroughFate","Vengeance","Halt"],"picked":"SKIP","floor":21},{"not_picked":["SashWhip","PathToVictory"],"picked":"Devotion","floor":24},{"not_picked":["Collect+1","ThirdEye","EmptyFist"],"picked":"SKIP","floor":25},{"not_picked":["Nirvana","Crescendo+1","SignatureMove"],"picked":"SKIP","floor":27},{"not_picked":["ThirdEye+1","CrushJoints","WreathOfFlame"],"picked":"SKIP","floor":29},{"not_picked":["FlyingSleeves","EmptyFist","Tantrum+1"],"picked":"SKIP","floor":31},{"not_picked":["DevaForm","Vault"],"picked":"Ragnarok","floor":33},{"not_picked":["CrushJoints+1","JustLucky+1","LikeWater+1"],"picked":"SKIP","floor":35},{"not_picked":["Crescendo","Evaluate+1","ReachHeaven+1"],"picked":"SKIP","floor":38},{"not_picked":["Crescendo","ThirdEye","Halt+1"],"picked":"SKIP","floor":39},{"not_picked":["Vengeance","SashWhip"],"picked":"PathToVictory","floor":41},{"not_picked":["Deep Breath","Purity"],"picked":"Panacea","floor":44},{"not_picked":["Halt","FollowUp","Prostrate"],"picked":"SKIP","floor":45},{"not_picked":["CutThroughFate+1","Adaptation","FlurryOfBlows"],"picked":"SKIP","floor":46},{"not_picked":["WindmillStrike+1","TalkToTheHand","ForeignInfluence"],"picked":"SKIP","floor":47},{"not_picked":["Nirvana+1","FollowUp+1","EmptyFist"],"picked":"SKIP","floor":48}],"player_experience":48270,"relics_obtained":[{"floor":8,"key":"Oddly Smooth Stone"},{"floor":9,"key":"Kunai"},{"floor":24,"key":"Calipers"},{"floor":26,"key":"Bag of Marbles"},{"floor":27,"key":"Bottled Lightning"},{"floor":41,"key":"Shuriken"},{"floor":41,"key":"Ancient Tea Set"},{"floor":43,"key":"Mango"},{"floor":47,"key":"Pen Nib"},{"floor":47,"key":"Bottled Flame"}],"event_choices":[{"cards_removed":["Defend_P"],"damage_healed":0,"gold_gain":0,"player_choice":"Card Removal","damage_taken":7,"max_hp_gain":0,"max_hp_loss":0,"event_name":"Golden Wing","floor":3,"gold_loss":0},{"cards_removed":["Strike_P"],"damage_healed":0,"gold_gain":0,"player_choice":"Card Removal","damage_taken":0,"max_hp_gain":0,"max_hp_loss":0,"event_name":"The Cleric","floor":4,"gold_loss":50},{"damage_healed":0,"gold_gain":0,"player_choice":"Success","damage_taken":12,"relics_obtained":["Gambling Chip"],"max_hp_gain":0,"max_hp_loss":0,"event_name":"Scrap Ooze","floor":5,"gold_loss":0},{"cards_removed":["Defend_P"],"damage_healed":0,"gold_gain":0,"player_choice":"Forget","damage_taken":0,"max_hp_gain":0,"max_hp_loss":0,"event_name":"Living Wall","floor":12,"gold_loss":0},{"damage_healed":0,"gold_gain":0,"player_choice":"Bought 3 Potions","damage_taken":0,"max_hp_gain":0,"max_hp_loss":0,"event_name":"The Woman in Blue","floor":13,"gold_loss":0},{"damage_healed":0,"gold_gain":0,"cards_transformed":["Strike_P"],"player_choice":"Transformed","damage_taken":0,"max_hp_gain":0,"max_hp_loss":0,"event_name":"Transmorgrifier","floor":19,"gold_loss":0,"cards_obtained":["FlurryOfBlows"]},{"damage_healed":0,"gold_gain":0,"player_choice":"Forge","damage_taken":0,"max_hp_gain":0,"max_hp_loss":0,"event_name":"Accursed Blacksmith","floor":22,"gold_loss":0,"cards_upgraded":["DeusExMachina"]},{"damage_healed":0,"gold_gain":0,"player_choice":"Obtained Relic","damage_taken":0,"relics_obtained":["Lantern"],"max_hp_gain":0,"max_hp_loss":0,"event_name":"Addict","floor":30,"gold_loss":85},{"damage_healed":0,"gold_gain":0,"cards_transformed":["Defend_P"],"player_choice":"Transformed","damage_taken":0,"max_hp_gain":0,"max_hp_loss":0,"event_name":"Transmorgrifier","floor":36,"gold_loss":0,"cards_obtained":["DeusExMachina"]},{"damage_healed":0,"gold_gain":0,"player_choice":"Memory 1","damage_taken":0,"max_hp_gain":0,"max_hp_loss":0,"event_name":"SensoryStone","floor":44,"gold_loss":0}],"is_beta":false,"boss_relics":[{"not_picked":["Sozu","Cursed Key"],"picked":"SlaversCollar"},{"not_picked":["Velvet Choker","Runic Dome"],"picked":"Black Star"}],"items_purged_floors":[28,37],"is_endless":false,"potions_floor_spawned":[2,10,24,27,29,31,39,47,48],"ascension_level":0}