{"gold_per_floor":[109,124,124,124,134,187,187,202,227,260,260,292,302,330,330,433,433,452,452,301,391,405,436,436,470,470,503,418,428,443,461,461,558,558,576,576,36,47,47,79,79,79],"floor_reached":42,"playtime":2427,"items_purged":["Defend_P","Strike_P"],"score":735,"play_id":"52f65be7-15ca-46f2-a351-9ca322dbc577","local_time":"20240507184431","is_ascension_mode":true,"campfire_choices":[{"data":"Eruption","floor":7.0,"key":"SMITH"},{"data":"Adaptation","floor":11.0,"key":"SMITH"},{"floor":15,"key":"REST"},{"data":"TalkToTheHand","floor":24,"key":"SMITH"},{"floor":32,"key":"REST"},{"floor":41,"key":"REST"}],"neow_cost":"NONE","seed_source_timestamp":114959820646900,"circlet_count":0,"master_deck":["Strike_P","Strike_P+1","Strike_P","Defend_P","Defend_P+1","Eruption+1","Vigilance+1","Adaptation+1","Crescendo+1","ReachHeaven+1","FlyingSleeves","MentalFortress","CarveReality","DeusExMachina","TalkToTheHand+1","Good Instincts","ClearTheMind+1","EmptyMind","WheelKick","Fasting2","Omniscience","Madness","Madness","FlurryOfBlows+1"],"special_seed":0,"relics":["PureWater","Dream Catcher","War Paint","Potion Belt","Boot","Anchor","Bronze Scales","SacredBark","Lantern","StoneCalendar","Whetstone","Sundial","MealTicket","Runic Dome","White Beast Statue","Toolbox","Ornamental Fan"],"potions_floor_usage":[18,23,25,27,27,31,33,40,40],"damage_taken":[{"damage":9.0,"enemies":"2 Louse","floor":1.0,"turns":4.0},{"damage":9.0,"enemies":"Small Slimes","floor":2.0,"turns":4.0},{"damage":0.0,"enemies":"Cultist","floor":5.0,"turns":3.0},{"damage":0.0,"enemies":"Lagavulin","floor":6.0,"turns":4.0},{"damage":8.0,"enemies":"Blue Slaver","floor":8.0,"turns":3.0},{"damage":0.0,"enemies":"Gremlin Nob","floor":10.0,"turns":2.0},{"damage":20.0,"enemies":"Lagavulin","floor":12.0,"turns":6.0},{"damage":0,"enemies":"2 Fungi Beasts","floor":13,"turns":3},{"damage":0,"enemies":"3 Sentries","floor":14,"turns":4},{"damage":0,"enemies":"Slime Boss","floor":16,"turns":5},{"damage":0,"enemies":"Spheric Guardian","floor":18,"turns":2},{"damage":8,"enemies":"2 Thieves","floor":22,"turns":3},{"damage":37,"enemies":"Slavers","floor":23,"turns":6},{"damage":30,"enemies":"Book of Stabbing","floor":25,"turns":3},{"damage":18,"enemies":"Gremlin Leader","floor":27,"turns":4},{"damage":18,"enemies":"Shelled Parasite and Fungi","floor":29,"turns":4},{"damage":24,"enemies":"Centurion and Healer","floor":30,"turns":4},{"damage":12,"enemies":"Snake Plant","floor":31,"turns":3},{"damage":22,"enemies":"Automaton","floor":33,"turns":3},{"damage":3,"enemies":"Orb Walker","floor":35,"turns":4},{"damage":34,"enemies":"3 Darklings","floor":38,"turns":4},{"damage":33,"enemies":"Reptomancer","floor":40,"turns":4},{"damage":37,"enemies":"Nemesis","floor":42,"turns":2}],"seed_played":"-6378224461152896390","potions_obtained":[{"floor":1.0,"key":"FearPotion"},{"floor":4.0,"key":"Energy Potion"},{"floor":4.0,"key":"ColorlessPotion"},{"floor":5.0,"key":"BottledMiracle"},{"floor":8.0,"key":"Regen Potion"},{"floor":10.0,"key":"Strength Potion"},{"floor":13,"key":"FairyPotion"},{"floor":14,"key":"FairyPotion"},{"floor":25,"key":"Swift Potion"},{"floor":29,"key":"SteroidPotion"},{"floor":30,"key":"LiquidBronze"},{"floor":38,"key":"DistilledChaos"},{"floor":40,"key":"Fire Potion"}],"is_trial":false,"path_per_floor":["M","M","?","?","M","E","R","M","T","E","R","E","M","E","R","B",null,"M","?","$","?","M","E","R","E","T","E","?","M","M","M","R","B",null,"M","?","$","M","?","E","R","E"],"character_chosen":"WATCHER","items_purchased":["DuplicationPotion","White Beast Statue","Toolbox","Block Potion"],"campfire_rested":3,"item_purchase_floors":[20,37,37,37],"current_hp_per_floor":[63,54,40,40,40,40,40,32,32,32,32,17,17,17,38,38,72,72,72,72,48,40,3,3,43,43,25,25,7,27,15,36,14,72,69,60,72,38,38,5,26,0],"gold":79,"neow_bonus":"RANDOM_COMMON_RELIC","is_prod":false,"is_daily":false,"chose_seed":false,"campfire_upgraded":3,"win_rate":0,"timestamp":1715078671,"path_taken":["M","M","?","?","?","E","R","M","T","E","R","E","M","E","R","BOSS","M","?","$","?","?","E","R","E","T","E","?","M","M","M","R","BOSS","M","?","$","M","?","E","R","E"],"build_version":"2022-12-18","purchased_purges":2,"victory":false,"max_hp_per_floor":[72,72,72,72,72,72,72,72,72,72,72,72,72,72,72,72,72,72,72,72,72,72,72,72,72,72,72,72,72,72,72,72,72,72,72,72,72,72,72,72,72,72],"card_choices":[{"not_picked":["Indignation","Wireheading"],"picked":"Adaptation","floor":1.0},{"not_picked":["EmptyFist","PathToVictory"],"picked":"Crescendo","floor":2.0},{"not_picked":["Crescendo","ThirdEye"],"picked":"ReachHeaven","floor":5.0},{"not_picked":["Devotion","SandsOfTime","Prostrate"],"picked":"SKIP","floor":6.0},{"not_picked":["EmptyBody","Evaluate","Sanctity"],"picked":"SKIP","floor":8.0},{"not_picked":["Consecrate","Weave"],"picked":"FlyingSleeves","floor":10.0},{"not_picked":["WaveOfTheHand","PathToVictory","CrushJoints"],"picked":"SKIP","floor":12.0},{"not_picked":["Evaluate","Halt"],"picked":"MentalFortress","floor":13},{"not_picked":["EmptyFist","WaveOfTheHand","Consecrate"],"picked":"SKIP","floor":14},{"not_picked":["SpiritShield","ThirdEye"],"picked":"CarveReality","floor":15},{"not_picked":["Judgement","Brilliance"],"picked":"DeusExMachina","floor":16},{"not_picked":["PathToVictory+1","EmptyFist","SashWhip"],"picked":"SKIP","floor":18},{"not_picked":["ThirdEye","BattleHymn","Halt"],"picked":"SKIP","floor":22},{"not_picked":["Crescendo","EmptyFist"],"picked":"ClearTheMind+1","floor":23},{"not_picked":["Meditate","EmptyBody"],"picked":"EmptyMind","floor":25},{"not_picked":["Judgement","MentalFortress","Pray"],"picked":"SKIP","floor":27},{"not_picked":["Protect","EmptyFist","Swivel"],"picked":"SKIP","floor":29},{"not_picked":["CarveReality","Halt","ThirdEye+1"],"picked":"SKIP","floor":30},{"not_picked":["Evaluate","WindmillStrike+1"],"picked":"WheelKick","floor":31},{"not_picked":["EmptyFist+1","Adaptation"],"picked":"Fasting2","floor":32},{"not_picked":["Brilliance","MasterReality"],"picked":"Omniscience","floor":33},{"not_picked":["BowlingBash","InnerPeace","Halt+1"],"picked":"SKIP","floor":35},{"not_picked":["Conclude","FollowUp","Evaluate+1"],"picked":"SKIP","floor":38},{"not_picked":["Consecrate","Fasting2+1"],"picked":"FlurryOfBlows+1","floor":40}],"player_experience":211393,"relics_obtained":[{"floor":6.0,"key":"War Paint"},{"floor":9.0,"key":"Potion Belt"},{"floor":10.0,"key":"Boot"},{"floor":12.0,"key":"Anchor"},{"floor":14,"key":"Bronze Scales"},{"floor":23,"key":"Lantern"},{"floor":25,"key":"StoneCalendar"},{"floor":26,"key":"Whetstone"},{"floor":27,"key":"Sundial"},{"floor":40,"key":"Ornamental Fan"}],"event_choices":[{"damage_healed":0.0,"max_hp_gain":0.0,"max_hp_loss":0.0,"gold_gain":0.0,"event_name":"Shining Light","player_choice":"Entered Light","floor":3.0,"gold_loss":0.0,"damage_taken":14.0,"cards_upgraded":["Vigilance","Defend_P"]},{"damage_healed":0.0,"max_hp_gain":0.0,"max_hp_loss":0.0,"gold_gain":0.0,"event_name":"Lab","player_choice":"Got Potions","floor":4.0,"gold_loss":0.0,"damage_taken":0.0},{"damage_healed":0,"gold_gain":0,"player_choice":"Read","damage_taken":0,"max_hp_gain":0,"max_hp_loss":0,"event_name":"The Library","floor":19,"gold_loss":0,"cards_obtained":["TalkToTheHand"]},{"damage_healed":0,"gold_gain":90,"player_choice":"POTION GOLD CARD ","damage_taken":24,"max_hp_gain":0,"max_hp_loss":0,"event_name":"Knowing Skull","floor":21,"potions_obtained":["LiquidMemories"],"gold_loss":0,"cards_obtained":["Good Instincts"]},{"damage_healed":0,"gold_gain":0,"player_choice":"Obtained Relic","damage_taken":0,"relics_obtained":["MealTicket"],"max_hp_gain":0,"max_hp_loss":0,"event_name":"Addict","floor":28,"gold_loss":85},{"damage_healed":0,"gold_gain":0,"player_choice":"Embrace Madness","damage_taken":9,"max_hp_gain":0,"max_hp_loss":0,"event_name":"Winding Halls","floor":36,"gold_loss":0,"cards_obtained":["Madness","Madness"]},{"cards_removed":["Defend_P"],"damage_healed":0,"gold_gain":0,"player_choice":"Removed Skill","damage_taken":0,"max_hp_gain":0,"max_hp_loss":0,"event_name":"Falling","floor":39,"gold_loss":0}],"is_beta":false,"boss_relics":[{"not_picked":["Cursed Key","Sozu"],"picked":"SacredBark"},{"not_picked":["VioletLotus","Velvet Choker"],"picked":"Runic Dome"}],"items_purged_floors":[20,37],"is_endless":false,"potions_floor_spawned":[1,5,8,10,13,14,25,29,30,38,40],"killed_by":"Nemesis","ascension_level":3}