{"gold_per_floor":[117,42,117,117,135,135,165,165,190,206,232,243,243,21,21,21],"floor_reached":16,"playtime":634,"items_purged":["Defend_P"],"score":153,"play_id":"1152367e-827b-416c-a5ff-7c71e0077f4d","local_time":"20240507180246","is_ascension_mode":true,"campfire_choices":[{"data":"Eruption","floor":6,"key":"SMITH"},{"data":"ClearTheMind","floor":8,"key":"SMITH"},{"data":"Crescendo","floor":13,"key":"SMITH"},{"floor":15,"key":"RECALL"}],"neow_cost":"NONE","seed_source_timestamp":114314228645100,"circlet_count":0,"master_deck":["Strike_P","Strike_P","Strike_P","Strike_P","Defend_P","Defend_P","Defend_P","Eruption+1","Vigilance","FlurryOfBlows","ClearTheMind+1","Crescendo+1","Indignation"],"relics":["PureWater","NeowsBlessing","Centennial Puzzle","Yang","Membership Card","Omamori"],"potions_floor_usage":[16,16],"damage_taken":[{"damage":0,"enemies":"Jaw Worm","floor":1,"turns":1},{"damage":0,"enemies":"Small Slimes","floor":5,"turns":1},{"damage":0,"enemies":"3 Sentries","floor":7,"turns":1},{"damage":7,"enemies":"Cultist","floor":10,"turns":3},{"damage":15,"enemies":"Gremlin Nob","floor":11,"turns":3},{"damage":5,"enemies":"3 Louse","floor":12,"turns":2},{"damage":46,"enemies":"The Guardian","floor":16,"turns":5}],"seed_played":"9026289424032089964","potions_obtained":[{"floor":4,"key":"Ambrosia"},{"floor":4,"key":"SkillPotion"},{"floor":4,"key":"Fire Potion"},{"floor":12,"key":"StancePotion"}],"is_trial":false,"path_per_floor":["M","$","?","?","M","R","E","R","T","M","E","M","R","$","R","B"],"character_chosen":"WATCHER","items_purchased":["Membership Card","Omamori"],"campfire_rested":0,"item_purchase_floors":[14,14],"current_hp_per_floor":[72,72,61,61,61,61,61,61,61,54,39,34,34,34,34,0],"gold":21,"neow_bonus":"THREE_ENEMY_KILL","is_prod":false,"is_daily":false,"chose_seed":false,"campfire_upgraded":3,"win_rate":0,"timestamp":1715076166,"path_taken":["M","$","?","?","M","R","E","R","T","?","E","M","R","$","R","BOSS"],"build_version":"2022-12-18","purchased_purges":1,"victory":false,"max_hp_per_floor":[72,72,72,72,72,72,72,72,72,72,72,72,72,72,72,72],"card_choices":[{"not_picked":["Halt","Sanctity"],"picked":"FlurryOfBlows","floor":1},{"not_picked":["Weave","Protect"],"picked":"ClearTheMind","floor":5},{"not_picked":["Collect","FollowUp","Weave"],"picked":"SKIP","floor":7},{"not_picked":["FollowUp","Prostrate"],"picked":"Crescendo","floor":10},{"not_picked":["EmptyFist","Consecrate"],"picked":"Indignation","floor":11},{"not_picked":["WindmillStrike","Study","ThirdEye"],"picked":"SKIP","floor":12}],"player_experience":210759,"relics_obtained":[{"floor":7,"key":"Centennial Puzzle"},{"floor":11,"key":"Yang"}],"event_choices":[{"damage_healed":0,"gold_gain":75,"player_choice":"Gather Gold","damage_taken":11,"max_hp_gain":0,"max_hp_loss":0,"event_name":"World of Goop","floor":3,"gold_loss":0},{"damage_healed":0,"gold_gain":0,"player_choice":"Got Potions","damage_taken":0,"max_hp_gain":0,"max_hp_loss":0,"event_name":"Lab","floor":4,"gold_loss":0}],"is_beta":false,"boss_relics":[],"items_purged_floors":[2],"is_endless":false,"potions_floor_spawned":[5,7,12],"killed_by":"The Guardian","ascension_level":3}