{"gold_per_floor":[118,134,59,73,90,90,124,124,124,140,153,53,82,102,102,102],"floor_reached":16,"playtime":501,"items_purged":["Defend_P","Strike_P"],"score":131,"play_id":"56fb2edc-a3d3-41f1-a203-fe0c4041a470","local_time":"20240509001258","is_ascension_mode":true,"campfire_choices":[{"data":"Eruption","floor":6.0,"key":"SMITH"},{"floor":8.0,"key":"REST"},{"floor":15.0,"key":"REST"}],"neow_cost":"NONE","seed_source_timestamp":222760596642100,"circlet_count":0,"master_deck":["Strike_P","Strike_P","Strike_P","Defend_P","Defend_P","Defend_P","Eruption+1","Vigilance","MentalFortress","Crescendo","Tantrum","Indignation","Wallop","FlurryOfBlows"],"special_seed":0,"relics":["PureWater","NeowsBlessing","White Beast Statue","Yang","Mercury Hourglass"],"potions_floor_usage":[],"damage_taken":[{"damage":0.0,"enemies":"Cultist","floor":1.0,"turns":1.0},{"damage":0.0,"enemies":"Jaw Worm","floor":2.0,"turns":2.0},{"damage":0.0,"enemies":"2 Louse","floor":4.0,"turns":2.0},{"damage":22.0,"enemies":"Large Slime","floor":5.0,"turns":7.0},{"damage":35.0,"enemies":"Gremlin Nob","floor":7.0,"turns":3.0},{"damage":0.0,"enemies":"Blue Slaver","floor":10.0,"turns":1.0},{"damage":11.0,"enemies":"Exordium Thugs","floor":11.0,"turns":3.0},{"damage":6.0,"enemies":"Lagavulin","floor":13.0,"turns":4.0},{"damage":0.0,"enemies":"Large Slime","floor":14.0,"turns":3.0},{"damage":41,"enemies":"The Guardian","floor":16,"turns":6}],"seed_played":"7564721884330184302","potions_obtained":[{"floor":1.0,"key":"Dexterity Potion"},{"floor":10.0,"key":"Energy Potion"},{"floor":11.0,"key":"Explosive Potion"},{"floor":13.0,"key":"SteroidPotion"}],"is_trial":false,"path_per_floor":["M","M","$","M","M","R","E","R","T","M","M","$","E","M","R","B"],"character_chosen":"WATCHER","items_purchased":[],"campfire_rested":2,"item_purchase_floors":[],"current_hp_per_floor":[72,72,72,72,50,50,15,36,36,36,25,25,19,19,40,0],"gold":102,"neow_bonus":"THREE_ENEMY_KILL","is_prod":false,"is_daily":false,"chose_seed":false,"campfire_upgraded":1,"win_rate":0,"timestamp":1715184778,"path_taken":["M","?","$","?","M","R","E","R","T","M","M","$","E","M","R","BOSS"],"build_version":"2022-12-18","purchased_purges":2,"victory":false,"max_hp_per_floor":[72,72,72,72,72,72,72,72,72,72,72,72,72,72,72,72],"card_choices":[{"not_picked":["Evaluate","Worship"],"picked":"MentalFortress","floor":1.0},{"not_picked":["Worship","ClearTheMind"],"picked":"Crescendo","floor":2.0},{"not_picked":["MasterReality","Pray"],"picked":"Tantrum","floor":4.0},{"not_picked":["PathToVictory","WreathOfFlame","SandsOfTime"],"picked":"SKIP","floor":5.0},{"not_picked":["BowlingBash","CrushJoints"],"picked":"Indignation","floor":7.0},{"not_picked":["Halt","SandsOfTime"],"picked":"Wallop","floor":10.0},{"not_picked":["BowlingBash","EmptyFist"],"picked":"FlurryOfBlows","floor":11.0},{"not_picked":["Prostrate","FollowUp","EmptyBody"],"picked":"SKIP","floor":13.0},{"not_picked":["FlurryOfBlows","Halt","EmptyBody"],"picked":"SKIP","floor":14.0}],"player_experience":224189,"relics_obtained":[{"floor":7.0,"key":"White Beast Statue"},{"floor":9.0,"key":"Yang"},{"floor":13.0,"key":"Mercury Hourglass"}],"event_choices":[],"is_beta":false,"boss_relics":[],"items_purged_floors":[3,12],"is_endless":false,"potions_floor_spawned":[1,10,11,13,14],"killed_by":"The Guardian","ascension_level":3}