{"gold_per_floor":[110,35,35,45,60,60,85,85,85,117,292,303,303,303,303,404,404,414,202,213,68,82,82],"floor_reached":23,"playtime":908,"items_purged":["Defend_P","Doubt"],"score":286,"play_id":"23bd78b2-af9d-46d0-b0b1-25a1ebe03133","local_time":"20240508235305","is_ascension_mode":true,"campfire_choices":[{"data":"Eruption","floor":6.0,"key":"SMITH"},{"data":"Adaptation","floor":8.0,"key":"SMITH"},{"data":"FlyingSleeves","floor":13.0,"key":"SMITH"},{"data":"TalkToTheHand","floor":15.0,"key":"SMITH"}],"neow_cost":"NONE","seed_source_timestamp":221234330934300,"circlet_count":0,"master_deck":["Eruption+1","Vigilance","Adaptation+1","WheelKick","FlyingSleeves+1","BattleHymn","Indignation","TalkToTheHand+1","Blasphemy","SandsOfTime","WreathOfFlame","Devotion","ReachHeaven","ClearTheMind","Scrawl","InnerPeace","Fasting2","ClearTheMind+1","Tantrum"],"special_seed":0,"relics":["PureWater","Bronze Scales","Ginger","Lantern","Sundial","Oddly Smooth Stone","Yang","Pandora\u0027s Box","Pen Nib"],"potions_floor_usage":[],"damage_taken":[{"damage":5.0,"enemies":"Small Slimes","floor":1.0,"turns":6.0},{"damage":5.0,"enemies":"2 Louse","floor":4.0,"turns":4.0},{"damage":1.0,"enemies":"Cultist","floor":5.0,"turns":4.0},{"damage":0.0,"enemies":"Lagavulin","floor":7.0,"turns":3.0},{"damage":0.0,"enemies":"Gremlin Nob","floor":10.0,"turns":2.0},{"damage":2.0,"enemies":"Red Slaver","floor":12.0,"turns":2.0},{"damage":36.0,"enemies":"Hexaghost","floor":16.0,"turns":6.0},{"damage":24.0,"enemies":"Shell Parasite","floor":18.0,"turns":3.0},{"damage":0.0,"enemies":"2 Thieves","floor":20.0,"turns":1.0},{"damage":33.0,"enemies":"Snake Plant","floor":22.0,"turns":3.0},{"damage":100013,"enemies":"Book of Stabbing","floor":23,"turns":2}],"seed_played":"-5993305142636847222","potions_obtained":[{"floor":1.0,"key":"SteroidPotion"},{"floor":4.0,"key":"Energy Potion"},{"floor":12.0,"key":"Dexterity Potion"},{"floor":22.0,"key":"Explosive Potion"}],"is_trial":false,"path_per_floor":["M","$","?","M","M","R","E","R","T","E","?","M","R","?","R","B",null,"M","$","M","$","M","E"],"character_chosen":"WATCHER","items_purchased":["Fasting2","DistilledChaos","Pen Nib"],"campfire_rested":0,"item_purchase_floors":[19,19,21],"current_hp_per_floor":[67,67,60,55,54,54,54,54,54,54,54,52,52,52,52,16,72,48,48,48,48,15,0],"gold":82,"neow_bonus":"RANDOM_COMMON_RELIC","is_prod":false,"is_daily":false,"chose_seed":false,"campfire_upgraded":4,"win_rate":0,"timestamp":1715183585,"path_taken":["M","$","?","M","M","R","E","R","T","E","?","M","R","?","R","BOSS","M","$","M","?","?","E"],"build_version":"2022-12-18","purchased_purges":2,"victory":false,"max_hp_per_floor":[72,72,72,72,72,72,72,72,72,72,72,72,72,72,72,72,72,72,72,72,72,72,72],"card_choices":[{"not_picked":["FlyingSleeves","CutThroughFate"],"picked":"Adaptation","floor":1.0},{"not_picked":["Consecrate","BowlingBash"],"picked":"WheelKick","floor":4.0},{"not_picked":["ThirdEye","FollowUp"],"picked":"FlyingSleeves","floor":5.0},{"not_picked":["Prostrate","ClearTheMind"],"picked":"BattleHymn","floor":7.0},{"not_picked":["ForeignInfluence","JustLucky"],"picked":"Indignation","floor":10.0},{"not_picked":["BattleHymn","Conclude"],"picked":"TalkToTheHand","floor":12.0},{"not_picked":["MasterReality","Vault"],"picked":"Blasphemy","floor":16.0},{"not_picked":["TalkToTheHand","EmptyFist+1","FlyingSleeves"],"picked":"SKIP","floor":18.0},{"not_picked":["FlyingSleeves","Perseverance"],"picked":"ClearTheMind+1","floor":20.0},{"not_picked":["FlurryOfBlows","JustLucky"],"picked":"Tantrum","floor":22.0}],"player_experience":222904,"relics_obtained":[{"floor":7.0,"key":"Lantern"},{"floor":9.0,"key":"Sundial"},{"floor":10.0,"key":"Oddly Smooth Stone"}],"event_choices":[{"damage_healed":0.0,"max_hp_gain":0.0,"max_hp_loss":0.0,"gold_gain":0.0,"event_name":"Scrap Ooze","player_choice":"Success","floor":3.0,"gold_loss":0.0,"damage_taken":7.0,"relics_obtained":["Ginger"]},{"damage_healed":0.0,"max_hp_gain":0.0,"max_hp_loss":0.0,"gold_gain":175.0,"event_name":"Liars Game","player_choice":"AGREE","floor":11.0,"gold_loss":0.0,"damage_taken":0.0,"cards_obtained":["Doubt"]},{"damage_healed":0.0,"max_hp_gain":0.0,"max_hp_loss":0.0,"gold_gain":0.0,"event_name":"WeMeetAgain","player_choice":"Gave Potion","floor":14.0,"gold_loss":0.0,"damage_taken":0.0,"relics_obtained":["Yang"]}],"is_beta":false,"boss_relics":[{"not_picked":["Ectoplasm","Fusion Hammer"],"picked":"Pandora\u0027s Box"}],"items_purged_floors":[2,19],"is_endless":false,"potions_floor_spawned":[1,4,12,22],"killed_by":"Book of Stabbing","ascension_level":3}