{"gold_per_floor":[218,233,408,408,408,432,451,487,487,175,211,234,88,38,38,168,168,183,282,36,36,56,56,97,111,111,111,36,36,36,36,36,156,156,180,55,118,451,467,496,496,507,507,540,540,540,540,81,81,81,81,81,81,108,108],"floor_reached":56,"playtime":2152,"items_purged":["Doubt","Strike_P","Defend_P","Strike_P"],"score":1761,"play_id":"e9a562f9-1abe-481f-9e36-927dbb0d8825","local_time":"20240509005604","is_ascension_mode":true,"campfire_choices":[{"data":"Eruption","floor":15.0,"key":"SMITH"},{"data":"Blasphemy","floor":23.0,"key":"SMITH"},{"data":"Tantrum","floor":27.0,"key":"SMITH"},{"data":"Adaptation","floor":30.0,"key":"SMITH"},{"data":"Ragnarok","floor":32.0,"key":"SMITH"},{"data":"Scrawl","floor":41.0,"key":"SMITH"},{"floor":47.0,"key":"RECALL"},{"data":"FlyingSleeves","floor":49.0,"key":"SMITH"},{"data":"Indignation","floor":52.0,"key":"SMITH"}],"neow_cost":"NONE","seed_source_timestamp":223566986859200,"circlet_count":0,"master_deck":["Strike_P","Strike_P+1","Defend_P+1","Eruption+1","Vigilance","Tantrum+1","ReachHeaven","FlurryOfBlows","FlyingSleeves+1","Adaptation+1","Indignation+1","Blasphemy+1","Ghostly","Ghostly+1","Ghostly+1","Ghostly","Ghostly","Ragnarok+1","Meditate+1","Scrawl+1","Crescendo+1","Fasting2"],"special_seed":0,"relics":["HolyWater","MealTicket","Pear","Oddly Smooth Stone","Sundial","Vajra","HandDrill","Mango","Orichalcum","Philosopher\u0027s Stone","Ginger","Lantern","Pantograph","TungstenRod","War Paint"],"potions_floor_usage":[55],"damage_taken":[{"damage":0.0,"enemies":"Small Slimes","floor":1.0,"turns":4.0},{"damage":2.0,"enemies":"Jaw Worm","floor":2.0,"turns":3.0},{"damage":2.0,"enemies":"2 Louse","floor":6.0,"turns":3.0},{"damage":3.0,"enemies":"Blue Slaver","floor":7.0,"turns":4.0},{"damage":0.0,"enemies":"Lagavulin","floor":8.0,"turns":4.0},{"damage":0.0,"enemies":"Gremlin Nob","floor":11.0,"turns":2.0},{"damage":0.0,"enemies":"2 Fungi Beasts","floor":12.0,"turns":3.0},{"damage":0.0,"enemies":"Slime Boss","floor":16.0,"turns":3.0},{"damage":22.0,"enemies":"3 Byrds","floor":18.0,"turns":4.0},{"damage":0.0,"enemies":"Shell Parasite","floor":22.0,"turns":2.0},{"damage":28.0,"enemies":"Slavers","floor":24.0,"turns":8.0},{"damage":1.0,"enemies":"3 Cultists","floor":25.0,"turns":3.0},{"damage":0.0,"enemies":"Champ","floor":33.0,"turns":7.0},{"damage":0.0,"enemies":"3 Darklings","floor":35.0,"turns":4.0},{"damage":0.0,"enemies":"Mind Bloom Boss Battle","floor":37.0,"turns":5.0},{"damage":1.0,"enemies":"3 Shapes","floor":39.0,"turns":4.0},{"damage":0.0,"enemies":"Reptomancer","floor":40.0,"turns":4.0},{"damage":0.0,"enemies":"Maw","floor":42.0,"turns":4.0},{"damage":0.0,"enemies":"Nemesis","floor":44.0,"turns":5.0},{"damage":23.0,"enemies":"Awakened One","floor":50.0,"turns":7.0},{"damage":0.0,"enemies":"Shield and Spear","floor":54.0,"turns":5.0},{"damage":1,"enemies":"The Heart","floor":55,"turns":8}],"seed_played":"-5805195569541785625","potions_obtained":[{"floor":6.0,"key":"Dexterity Potion"},{"floor":7.0,"key":"LiquidMemories"},{"floor":8.0,"key":"Explosive Potion"},{"floor":18.0,"key":"Explosive Potion"},{"floor":24.0,"key":"SpeedPotion"},{"floor":35.0,"key":"StancePotion"},{"floor":42.0,"key":"DistilledChaos"},{"floor":44.0,"key":"Block Potion"}],"is_trial":false,"path_per_floor":["M","M","?","?","?","M","M","E","T","$","E","M","$","?","R","B",null,"M","?","$","?","M","R","E","M","T","R","?","$","R","$","R","B",null,"M","$","?","?","M","E","R","M","T","E","?","?","R","$","R","B",null,"R","$","E","B",null],"character_chosen":"WATCHER","items_purchased":["Adaptation","Oddly Smooth Stone","Vajra","HandDrill","TungstenRod"],"campfire_rested":0,"item_purchase_floors":[10,10,13,20,48],"current_hp_per_floor":[72,70,70,52,38,36,33,33,43,58,58,58,73,73,73,73,82,60,60,75,41,41,41,27,26,26,26,26,41,41,55,55,55,55,55,55,55,55,54,54,54,54,54,54,54,54,54,55,55,32,55,55,55,55,54],"gold":108,"neow_bonus":"HUNDRED_GOLD","is_prod":false,"is_daily":false,"chose_seed":false,"campfire_upgraded":8,"win_rate":0,"timestamp":1715187364,"path_taken":["M","M","?","?","?","M","M","E","T","$","E","M","?","?","R","BOSS","M","?","$","?","M","R","E","M","T","R","?","$","R","?","R","BOSS","M","$","?","?","M","E","R","M","T","E","?","?","R","$","R","BOSS","R","$","E","BOSS"],"build_version":"2022-12-18","purchased_purges":4,"victory":true,"max_hp_per_floor":[72,72,72,72,72,72,72,72,82,82,82,82,82,82,82,82,82,82,82,82,41,41,41,55,55,55,55,55,55,55,55,55,55,55,55,55,55,55,55,55,55,55,55,55,55,55,55,55,55,55,55,55,55,55,55],"card_choices":[{"not_picked":["CrushJoints","MentalFortress"],"picked":"Tantrum","floor":1.0},{"not_picked":["Evaluate","BowlingBash","Perseverance"],"picked":"SKIP","floor":2.0},{"not_picked":["EmptyBody","Crescendo"],"picked":"ReachHeaven","floor":6.0},{"not_picked":["MasterReality","BowlingBash"],"picked":"FlurryOfBlows","floor":7.0},{"not_picked":["Evaluate","Consecrate"],"picked":"FlyingSleeves","floor":8.0},{"not_picked":["DevaForm","FollowUp","Sanctity"],"picked":"SKIP","floor":11.0},{"not_picked":["JustLucky","Consecrate"],"picked":"Indignation","floor":12.0},{"not_picked":["Scrawl","Omniscience"],"picked":"Blasphemy","floor":16.0},{"not_picked":["Tantrum+1","PathToVictory+1"],"picked":"Wallop","floor":18.0},{"not_picked":["FlurryOfBlows+1","ReachHeaven","FollowUp+1"],"picked":"SKIP","floor":22.0},{"not_picked":["EmptyFist","FollowUp"],"picked":"Ragnarok","floor":24.0},{"not_picked":["EmptyMind","BowlingBash+1"],"picked":"Meditate+1","floor":25.0},{"not_picked":["Ragnarok","Omniscience"],"picked":"Scrawl","floor":33.0},{"not_picked":["Consecrate+1","FollowUp+1","Tantrum+1"],"picked":"SKIP","floor":35.0},{"not_picked":["Tantrum","PathToVictory","Study+1"],"picked":"SKIP","floor":39.0},{"not_picked":["EmptyFist+1","FearNoEvil+1"],"picked":"Crescendo+1","floor":40.0},{"not_picked":["Devotion","ClearTheMind+1","CrushJoints+1"],"picked":"SKIP","floor":42.0},{"not_picked":["SignatureMove","SandsOfTime","FollowUp"],"picked":"SKIP","floor":44.0},{"not_picked":["ForeignInfluence","FlyingSleeves"],"picked":"Fasting2","floor":54.0}],"player_experience":224690,"relics_obtained":[{"floor":8.0,"key":"MealTicket"},{"floor":9.0,"key":"Pear"},{"floor":11.0,"key":"Sundial"},{"floor":24.0,"key":"Mango"},{"floor":26.0,"key":"Orichalcum"},{"floor":37.0,"key":"Ginger"},{"floor":40.0,"key":"Lantern"},{"floor":44.0,"key":"Pantograph"},{"floor":54.0,"key":"War Paint"}],"event_choices":[{"damage_healed":0.0,"max_hp_gain":0.0,"max_hp_loss":0.0,"gold_gain":175.0,"event_name":"Liars Game","player_choice":"AGREE","floor":3.0,"gold_loss":0.0,"damage_taken":0.0,"cards_obtained":["Doubt"]},{"damage_healed":0.0,"max_hp_gain":0.0,"max_hp_loss":0.0,"gold_gain":0.0,"event_name":"Golden Idol","player_choice":"Take Damage","floor":4.0,"gold_loss":0.0,"damage_taken":18.0,"relics_obtained":["Golden Idol"]},{"damage_healed":0.0,"max_hp_gain":0.0,"max_hp_loss":0.0,"gold_gain":0.0,"event_name":"Shining Light","player_choice":"Entered Light","floor":5.0,"gold_loss":0.0,"damage_taken":14.0,"cards_upgraded":["Strike_P","Defend_P"]},{"cards_removed":["Defend_P"],"damage_healed":0.0,"max_hp_gain":0.0,"max_hp_loss":0.0,"gold_gain":0.0,"event_name":"The Cleric","player_choice":"Card Removal","floor":14.0,"gold_loss":50.0,"damage_taken":0.0},{"damage_healed":0.0,"max_hp_gain":0.0,"max_hp_loss":0.0,"gold_gain":99.0,"event_name":"Nest","player_choice":"Stole From Cult","floor":19.0,"gold_loss":0.0,"damage_taken":0.0},{"damage_healed":0.0,"max_hp_gain":0.0,"max_hp_loss":41.0,"gold_gain":0.0,"event_name":"Ghosts","player_choice":"Became a Ghost","floor":21.0,"gold_loss":0.0,"damage_taken":0.0,"cards_obtained":["Ghostly","Ghostly","Ghostly","Ghostly","Ghostly"]},{"cards_removed":["Defend_P"],"damage_healed":0.0,"max_hp_gain":0.0,"max_hp_loss":0.0,"gold_gain":0.0,"event_name":"Beggar","player_choice":"Gave Gold","floor":28.0,"gold_loss":75.0,"damage_taken":0.0},{"damage_healed":0.0,"max_hp_gain":0.0,"max_hp_loss":0.0,"gold_gain":0.0,"event_name":"MindBloom","player_choice":"Fight","floor":37.0,"gold_loss":0.0,"damage_taken":0.0},{"damage_healed":0.0,"max_hp_gain":0.0,"max_hp_loss":0.0,"gold_gain":333.0,"event_name":"The Moai Head","player_choice":"Gave Idol","floor":38.0,"relics_lost":["Golden Idol"],"gold_loss":0.0,"damage_taken":0.0},{"cards_removed":["Wallop"],"damage_healed":0.0,"max_hp_gain":0.0,"max_hp_loss":0.0,"gold_gain":0.0,"event_name":"Falling","player_choice":"Removed Attack","floor":45.0,"gold_loss":0.0,"damage_taken":0.0},{"damage_healed":0.0,"max_hp_gain":0.0,"max_hp_loss":0.0,"gold_gain":0.0,"event_name":"Tomb of Lord Red Mask","player_choice":"Ignored","floor":46.0,"gold_loss":0.0,"damage_taken":0.0}],"is_beta":false,"boss_relics":[{"not_picked":["Tiny House","VioletLotus"],"picked":"HolyWater"},{"not_picked":["Calling Bell","Black Star"],"picked":"Philosopher\u0027s Stone"}],"items_purged_floors":[10,20,36,48],"is_endless":false,"potions_floor_spawned":[6,7,8,18,24,35,42,44],"ascension_level":3}